1972 2668
807 187 922 239 »ἓείἓ
985 180 1001 240 )
1040 191 1130 236 248
1169 182 1185 242 (
1235 183 1364 236 &390⁰-

343 317 391 348 ra
441 302 523 346 olei
567 303 687 355 super
737 300 896 343 duabus
947 298 1159 341 drachmis
1194 298 1281 343 salis
1319 297 1465 341 tartari
1500 295 1653 340 leniter
1686 299 1819 344 destil-

342 369 475 410 latum
513 367 728 408 exhibuit:

540 457 577 486 1.
614 444 817 500 Spiritum
854 442 1060 499 vrinofitm
1097 455 1279 497 purum,
1319 444 1387 498 qui
1422 445 1470 486 ad
1507 443 1676 498 plenam
1714 442 1822 483 satu-

343 508 554 554 rationem
619 512 748 564 guttis
809 508 1020 552 XXXW.
1075 508 1315 563 perductus,
1380 507 1450 551 Sal
1504 509 1819 551 ammoniacum

344 574 560 633 praestitit.

540 662 583 691 2.
620 647 842 689 Refiduum
881 648 922 691 in
959 656 1114 691 retorta
1161 661 1286 703 grana
1331 645 1518 690 XXXII.
1567 646 1683 690 Salis
1731 657 1820 690 tar-

348 713 430 755 tari
466 713 738 761 saurauer-at,
777 724 903 767 prout
939 714 1080 754 addito
1115 715 1164 756 ad
1199 715 1367 769 plenam
1405 713 1677 754 saturitatem·
1700 723 1820 754 aceto

348 789 621 819 concentrato
674 779 879 832 apparuit.
945 777 1150 832 Adeoque
1202 778 1402 835 phlegma
1454 780 1585 820 etiam
1629 778 1698 819 hic
1734 790 1821 819 am-

345 844 590 886 moniacalis
627 844 700 885 fuit
734 843 898 887 indolis.
1757 841 1760 844 ⁴

537 920 670 963 Carbo
715 923 774 963 ita
819 920 925 962 nihil
972 920 1021 960 ab
1056 920 1130 962 illo
1154 951 1164 970 ,
1220 934 1347 973 quem
1387 924 1509 976 adeps
1545 935 1629 964 non
1667 921 1820 976 digesta

344 983 527 1036 dederat,
572 987 734 1028 differre
773 987 881 1026 visus
914 986 982 1035 est,
1018 995 1065 1024 vt
1100 987 1301 1037 peritiore
1337 987 1537 1027 scrutinio
1573 987 1679 1028 haud
1712 989 1821 1028 indi·

345 1059 476 1101 geret.
559 1050 771 1092 Amissum
822 1062 924 1090 vero
972 1049 1128 1101 pondus
1174 1046 1317 1101 (Fxp.
1354 1052 1461 1101 40.)
1515 1048 1640 1103 3vijss.
1691 1054 1818 1092 ctiam

347 1113 416 1155 hic
451 1113 717 1166 reliquorum
753 1114 1059 1170 productorum
1098 1114 1278 1166 ponderi
1314 1114 1420 1153 iusto
1459 1115 1631 1155 modulo
1668 1116 1819 1156 adden-

343 1178 447 1220 dum
483 1179 578 1219 erit.

537 1304 573 1352 ξ,
610 1310 686 1350 45.
752 1297 968 1352 Pinguedo
1011 1297 1138 1353 igitur
1180 1295 1351 1339 rancida
1395 1296 1624 1350 digestione
1657 1297 1820 1340 diutur-

343 1381 413 1418 na,
449 1381 472 1408 a
508 1367 633 1408 cruda
669 1364 940 1418 degenerauit
976 1364 1047 1416 ita,
1093 1372 1135 1401 vt
1178 1375 1214 1401 1.
1253 1363 1391 1404 minus
1428 1362 1628 1406 volatilis.
1678 1376 1717 1402 2.
1742 1364 1821 1406 mi-

347 1447 420 1477 nus
455 1434 571 1474 acido
608 1430 713 1485 (per
748 1429 1022 1482 digestionem
1065 1426 1175 1468 forte
1210 1427 1459 1481 destrucsto)
1494 1426 1675 1479 imbuta,
1712 1441 1822 1469 con-

346 1510 411 1543 tra
448 1511 489 1549 3.
526 1497 732 1553 explicito
769 1495 848 1536 sale
885 1492 1052 1535 volatili
1083 1491 1261 1533 alcalino
1297 1493 1424 1535 ditata
1462 1492 1569 1533 effer.

1675 2284 1818 2327 VER-
