1972 2668
622 216 737 268 »ᾗς
802 206 1001 275 )2¹.¹b'(
1065 215 1182 268 gg«,

159 342 293 385 quor,
343 340 471 386 quem
525 341 661 385 aeque
708 338 871 372 certum
909 330 966 371 est
1000 344 1022 373 a
1060 330 1231 372 nemine
1264 327 1505 373 Androrum
1540 343 1638 386 per-

158 397 344 452 spectum
393 396 525 438 fuiffe.
608 393 674 435 De
709 394 805 435 solis
844 404 1027 448 quatuor
1062 398 1188 437 ramis
1224 395 1346 438 huius
1382 404 1522 438 textus
1556 394 1642 438 ser-

158 474 232 502 mo
266 461 347 510 est,
404 471 510 512 quos
546 458 694 512 primis
730 458 836 499 meis
871 458 1084 501 laboribus*
1132 473 1397 515 repereram,
1448 469 1492 502 et
1534 472 1640 514 quo—

158 538 251 568 rum
287 535 359 566 aut
392 523 551 576 aliquas
589 531 722 576 partes
757 522 902 564 vidisse
952 524 1180 565 nonnullos
1228 527 1516 575 anatomicos,
1569 533 1640 568 aut

153 589 392 632 coniec'lura
446 587 563 629 fuisse
617 587 847 638 assecutOS,
899 588 1074 629 dubium
1131 591 1312 630 omnino
1363 592 1441 631 effe
1489 590 1640 645 potest.

156 653 373 709 Quicquid
411 653 486 703 fit,
538 653 621 695 hoc
657 663 817 695 certum
856 653 934 705 est,
981 653 1217 703 Humerum,
1271 654 1342 706 qui
1379 654 1515 695 verbis
1552 667 1640 697 non

156 720 311 769 modo,
362 718 513 774 quibus
556 717 709 760 dub-ius
759 719 880 773 saepe
915 718 1050 759 sensus
1087 719 1286 765 traditur,
1341 718 1406 758 led
1444 719 1639 762 iconibus

155 797 327 840 quoque
363 783 501 827 citatis
538 782 654 836 suas,
705 796 805 837 quas
841 785 892 824 de
928 784 1171 825 tendinibus
1204 782 1474 826 circularibus
1509 795 1642 824 veno-

152 849 199 891 fis
226 859 269 893 et
296 849 505 893 arteriofis
539 850 810 903 conceperit,
845 849 954 891 ideas
990 850 1193 897 declarat,
1230 859 1272 889 et
1307 848 1513 904 plurimos
1546 861 1640 890 cae·

150 924 367 967 tei-orum,
419 927 525 968 quos
562 915 686 963 citat,
739 914 842 955 haec
878 914 948 956 fila
999 915 1266 968 cartilaginea
1316 914 1402 972 ipsa
1454 925 1539 955 non
1574 912 1641 955 vi·

150 981 262 1024 diffe.
332 980 394 1022 Ill.
430 979 615 1022 Senacus
652 982 693 1021 in
731 989 916 1032 quatuor
952 980 1124 1021 diuersi&
1160 979 1308 1020 tabulis
1348 977 1486 1035 (Tab.
1513 992 1583 1025 12,
1603 992 1639 1021 c.

149 1059 187 1087 c,
208 1061 244 1087 c.
279 1044 388 1088 Tab.
415 1058 484 1095 13.
507 1045 545 1085 d.
566 1044 602 1086 d.
623 1043 662 1084 d.
705 1042 815 1085 Tab.
842 1043 966 1096 14.h.
989 1045 1095 1091 1211.
1129 1054 1172 1086 et
1206 1043 1315 1086 Tab.
1357 1054 1428 1093 15.
1467 1057 1503 1086 c.
1523 1057 1561 1085 c.
1588 1042 1642 1101 c.)

147 1110 261 1152 suam
301 1111 352 1152 de
388 1110 555 1153 venofis
587 1108 825 1150 tendinibus
867 1109 1141 1153 circularibus
1178 1110 1343 1160 ideam,
1392 1119 1433 1151 et
1469 1109 1639 1163 sedem,

149 1175 220 1215 vbi
258 1176 510 1224 existerent,
547 1174 817 1214 demonstrat.
887 1173 1092 1225 Halm-us,
1127 1177 1169 1215 in
1190 1174 1411 1217 Elementis
1435 1173 1638 1230 Physiolo..

150 1243 241 1291 gine
272 1238 474 1293 (Torml.
502 1249 592 1290 pag.
619 1232 740 1290 329.)
760 1236 929 1276 easdem
966 1238 1041 1278 has
1076 1250 1260 1291 quatuor
1297 1239 1455 1281 tabulas
1474 1238 1637 1289 Senaci,

151 1315 304 1357 easque
342 1302 447 1343 solas
485 1299 685 1355 quidem,
729 1300 924 1350 citando,
970 1303 1104 1344 ideam
1143 1302 1214 1344 fibi
1253 1304 1420 1357 prorsus
1456 1305 1634 1346 eandem

151 1380 248 1408 cum
286 1367 434 1409 Illustri
471 1365 585 1407 Viro
619 1364 734 1406 fuiffe
769 1365 819 1405 de
854 1366 1093 1409 tendinibus
1145 1367 1422 1411 circularibus·
1443 1398 1454 1418 ,
1488 1367 1635 1410 decla-

152 1444 230 1473 rat.
297 1431 384 1474 Iam
421 1433 466 1472 in
498 1431 661 1484 fingulis
697 1429 777 1471 illis
810 1430 1000 1473 iconibus
1055 1433 1152 1473 stria-
1184 1434 1255 1473 illa
1297 1432 1507 1474 notiffima
1542 1433 1634 1474 alba

153 1497 386 1545 indicatur,
426 1511 531 1551 quae
569 1497 611 1538 in
646 1495 816 1536 diffeffis
853 1497 1123 1551 extensisque
1157 1497 1330 1540 orificiis
1366 1498 1530 1539 venofis
1567 1498 1632 1538 in-

152 1572 219 1603 tus
256 1563 304 1603 ad
340 1562 452 1604 basm-
487 1561 747 1603 valuularum
783 1572 977 1617 apparet,
1013 1575 1138 1618 quam
1176 1563 1289 1604 redte
1316 1561 1507 1605 Hallerus
1544 1574 1632 1605 me-

150 1639 235 1668 ram
275 1625 443 1668 firmam
480 1626 715 1670 cellulosam
753 1628 831 1668 effe
870 1638 1043 1681 monet,
1083 1627 1269 1670 tendines
1307 1638 1534 1682 propterea
1561 1639 1634 1669 ve-

150 1691 265 1732 nostis
302 1705 431 1744 aeque
468 1706 513 1734 ac
551 1691 762 1733 arteriosas
799 1695 1017 1746 negando,
1065 1703 1106 1734 et
1143 1705 1275 1747 quae,
1326 1694 1524 1748 quamuis
1558 1692 1631 1736 fila

150 1756 417 1811 cartilaginea
469 1759 653 1800 exterius
705 1770 778 1812 per
822 1757 894 1799 has
951 1759 1066 1800 sedes
1121 1760 1350 1805 ducantur,
1402 1757 1635 1813 valdopere

149 1832 286 1862 tamen
323 1836 348 1862 a
381 1822 460 1863 filis
495 1823 558 1864 his
594 1822 687 1877 ipfis
739 1822 896 1865 diuersa
948 1825 1023 1870 est,
1107 1822 1261 1878 Neque
1313 1833 1517 1878 apparent
1563 1822 1633 1866 fila

149 1887 421 1940 cartilaginea
457 1890 498 1930 in
534 1888 626 1929 stria
661 1887 754 1937 illa,
804 1889 869 1930 vti
914 1888 958 1930 in
1005 1888 1202 1938 orificiis,
1245 1888 1492 1942 simpliciter
1527 1900 1630 1929 cum

148 1953 394 1993 ventriculis
429 1964 471 1994 et
508 1952 656 1995 finibus
693 1954 844 2003 incisis,
882 1954 924 1995 in
963 1955 1231 2011 conspefmm
1268 1953 1412 2005 venit;
1447 1953 1523 1994 sed‘
1551 1965 1627 1994 ne-

149 2018 303 2057 neceffe
341 2017 420 2070 est,
470 2029 517 2058 vt
552 2020 736 2061 exterius
774 2020 881 2061 inter
925 2019 1035 2076 bafin
1071 2019 1233 2062 finu'um
1271 2031 1549 2061 communem
1582 2027 1628 2059 et

149 2094 389 2123 extremum
430 2085 661 2137 marginem
699 2084 800 2126 bafis
836 2078 974 2127 cordi's
1009 2095 1292 2139 quaerantur,
1327 2084 1399 2127 vbi
1432 2097 1454 2126 a
1485 2083 1627 2140 nemi:

147 2160 197 2188 ue
232 2147 497 2201 Αιιᾱοτιιιτι,
531 2160 731 2204 quan-tum
767 2150 876 2204 scio,
914 2151 1200 2198 ostenduntur,

1483 2345 1631 2391 Varias*
