1972 2668
812 219 935 269 »ευ-ε
972 214 1007 272 -)
1046 223 1135 261 220
1171 217 1188 273 (
1251 218 1364 270 &aaa

358 333 498 386 pamm
537 328 830 369 offerebantur.
897 327 1070 369 Etenim
1113 329 1590 372 in'-maxirne-dese.rt15
1626 333 1818 382 ruperia-i-

358 407 428 436 um
467 393 737 434 solitudinum
775 391 987 433 receffibus
1025 393 1185 442 vivens,
1223 394 1404 436 interdiu
1435 395 1538 434 nido
1572 394 1614 432 in
1634 398 1817 434 cauernis

354 458 422 499 vel
456 456 602 497 fifluris
639 458 804 510 rupium
838 467 1085 509 comparato
1122 459 1230 507 latet,
1268 468 1516 510 tantumque
1553 457 1675 497 norst-u
1699 470 1817 509 prae-

353 523 549 563 daturum
594 522 709 572 exit3
762 521 901 572 itaque
947 534 968 560 a
1005 521 1223 575 Mongolis
1259 521 1520 575 Tungufisue
1553 533 1626 573 per
1660 521 1818 561 deserta

354 594 559 625 montana
595 584 890 637 dilpaiantibus
925 586 997 628 vix
1034 597 1219 640 vnquam
1259 587 1407 627 aestate
1436 585 1629 638 capitur,
1665 585 1821 636 prima·

354 661 432 700 que
470 658 636 690 tantum
690 650 905 690 decidente
950 651 1081 702 niue,
1137 662 1267 702 quum
1305 660 1345 689 et
1382 648 1511 690 vellus
1548 647 1595 687 fit
1633 648 1818 689 melioris

358 721 483 751 notae
506 743 517 762 ,
553 712 735 764 vestigiis
772 713 1011 764 praesertim
1048 713 1322 767 prodentibus
1345 744 1354 762 ,
1391 716 1434 754 in
1471 711 1637 764 spelaeis
1675 713 1817 764 oppri-
1878 743 1887 747 -

356 776 515 824 mitur,
568 774 824 828 decipulisue
872 777 1034 817 statutis
1079 780 1323 830 captiuatur.
1389 777 1563 827 Iamque
1604 774 1815 815 Dauuriae

355 839 448 879 vale
484 840 692 887 dixeram,
729 853 857 892 quum
895 841 1069 882 Amicus
1105 843 1176 893 qui
1215 853 1323 881 nunc
1359 839 1400 881 in
1437 840 1546 880 vivis
1583 840 1661 878 effe
1684 838 1815 887 desiit,

357 906 550 944 curandis
602 903 752 943 finibus
801 905 972 956 Imperii
1020 907 1158 945 versus
1194 903 1311 945 Sinas
1347 902 1605 957 praefeci-w,
1657 901 1819 943 Simeon

360 965 531 1021 Vlaffof‚
567 979 612 1007 vt
649 981 818 1020 operam
857 969 896 1007 in
933 969 1206 1020 procurandis
1242 977 1418 1008 naturae
1448 966 1625 1007 vcuriosis
1663 967 1818 1006 sirenu-

357 1042 422 1068 am
459 1032 619 1083 semper
655 1024 926 1084 praestiterat,
962 1032 1090 1069 etiam
1129 1030 1235 1071 Felis
1272 1030 1393 1069 huius
1432 1031 1589 1070 nostrae
1616 1030 1698 1069 duo
1726 1031 1821 1070 viua

352 1095 571 1146 exempla,
620 1108 689 1146 per
726 1091 952 1143 Mongolos
989 1095 1059 1142 qui
1098 1093 1146 1132 ad
1182 1092 1392 1132 Dshidam
1432 1093 1608 1131 fluuium
1645 1091 1817 1144 <Selen-

353 1168 428 1208 gae
465 1154 772 1210 collateralem)
828 1157 868 1194 in
924 1158 1093 1206 regione
1128 1158 1316 1195 maxime
1352 1154 1523 1206 rupestri
1561 1165 1601 1194 et
1632 1154 1815 1194 vdesolata

352 1225 529 1264 viuum,
575 1222 785 1265 obtinuit,
827 1228 873 1256 ›et
909 1229 1037 1266 quum
1075 1219 1169 1255 viua
1207 1231 1288 1256 non
1328 1218 1457 1264 posset
1481 1247 1490 1263 ‚
1542 1218 1814 1268 integerrima

356 1293 493 1322 tamen
532 1283 722 1322 animalia
761 1278 973 1329 congelata
1013 1277 1238 1316 transmisit
1273 1278 1610 1324 Krasnoiarium,
1644 1279 1713 1317 vbi
1749 1278 1814 1319 Ia-

352 1347 498 1388 nuario
539 1355 671 1395 1773..
707 1343 950 1395 sequentem
985 1352 1132 1382 eorum
1169 1340 1494 1396 descriptionem
1531 1340 1744 1381 adornaui.

541 1494 703 1535 Natura
736 1493 861 1534 huius
896 1490 1003 1532 Felis
1037 1504 1058 1532 a
1092 1489 1255 1542 Lynoe,
1300 1491 1366 1531 cui
1405 1498 1569 1543 praeter
1605 1494 1811 1544 magnitu-

349 1558 509 1608 dinem,
546 1571 662 1598 aures
696 1567 736 1598 et
769 1556 939 1598 caudam
978 1555 1213 1607 elongatam
1250 1554 1459 1596 fimillima
1493 1555 1566 1602 est,
1603 1566 1654 1595 co
1688 1567 1813 1608 prae-

352 1623 494 1664 sertim
536 1622 705 1670 differt,
757 1621 867 1674 quod
903 1632 986 1660 non
1023 1619 1132 1660 colat
1166 1618 1328 1670 syluas,
1375 1630 1509 1670 neque
1544 1618 1586 1656 in
1625 1618 1809 1660 boreales

354 1688 546 1739 regiones
581 1686 757 1741 speciem
793 1693 1010 1738 propaget,
1045 1683 1111 1722 sed
1149 1683 1188 1721 in
1226 1682 1374 1735 apricis
1394 1692 1519 1734 atque
1552 1683 1807 1735 temperatis,

353 1751 476 1802 gradu
535 1761 606 1798 52·
656 1749 882 1789 latitudinis
935 1746 1241 1787 australioribus
1293 1746 1554 1800 potissimum
1604 1746 1808 1788 versetur.

352 1813 578 1855 Praedatur
615 1815 800 1853 maxime
838 1810 1089 1864 Lepusculos
1127 1810 1310 1862 alpinum
1348 1820 1390 1849 et
1425 1808 1664 1850 dauuricum
1702 1809 1777 1865 (*)
1800 1839 1812 1860 ,

355 1878 515 1930 aliaque
554 1879 715 1918 minuta
753 1875 948 1916 animalia
984 1885 1087 1927 quae
1127 1873 1167 1912 in
1191 1874 1397 1915 montanis
1420 1872 1656 1926 regionibus
1675 1873 1808 1913 abun-

353 1942 464 1982 dant.
533 1940 837 1987 Deficientibus
885 1938 972 1979 aliis
1018 1936 1196 1978 latibulis
1232 1938 1450 1980 derelictos
1486 1937 1554 1977 vel
1590 1949 1806 1992 expugna-

1743 2011 1805 2042 tos

424 2185 496 2232 (*)
547 2185 663 2220 ΝΟΜ(
694 2185 820 2229 spem*
852 2179 1099 2230 quadrupedum
1125 2194 1140 2216 δ
1166 2179 1321 2232 Glitium·
1346 2181 1471 2221 ordine.
1496 2180 1639 2229 Erlang-
1667 2189 1752 2226 1778.
1777 2194 1813 2225 4,,

530 2247 568 2279 p-
594 2246 640 2279 45-
669 2240 697 2270 et
724 2246 773 2279 59.
807 2236 867 2269 lab.
893 2243 921 2269 2.
947 2236 976 2265 et
1001 2242 1026 2273 3.
