1972 2668
628 164 743 213 »ᾖς
809 156 825 216 )
867 169 952 213 143
994 158 1009 216 ᾗ
1072 158 1189 210 3223«.

169 280 281 323 vnde
332 276 362 317 s1
397 271 464 316 'ex
498 273 542 315 N
580 275 622 315 in
661 269 760 315 CN
797 274 999 316 normalis
1036 270 1214 325 erigatur
1248 268 1369 318 NZ,
1405 268 1484 310 erit
1520 267 1647 310 etiam

171 343 347 398 angulus
384 337 479 382 CZ
501 337 928 394 N:v‚‘ideoque
962 338 1004 379 N
1026 334 1063 378 Z
1098 337 1175 377 erit
1212 346 1382 390 tangens
1420 347 1572 375 curuae
1607 335 1649 374 in

172 408 329 466 pnnd‘to
364 404 431 453 N,
469 406 527 444 ita
560 413 608 444 vt
643 415 786 449 curua,
823 415 924 454 quae
960 403 1014 442 ob
1047 398 1082 442 C
1104 401 1204 451 X>
1229 398 1311 442 Ca
1347 400 1507 454 semper
1542 399 1652 440 vltra

170 475 324 518 restam
363 467 426 525 ef
451 466 697 522 porrigitur,
732 465 867 506 rectae
905 462 940 505 C
967 466 1009 506 N
1048 467 1090 506 in
1125 466 1168 506 N
1207 464 1452 506 normaliter
1480 463 1646 505 insistat.

175 536 392 594 Quoniam
438 542 583 573 autem
609 559 619 579 ‚
673 530 734 569 vti
790 530 873 570 iam
910 529 1030 584 supra
1067 528 1413 578 obseruauimus,
1466 528 1651 571 abscissae

171 601 377 646 Caz—
406 610 424 636 1
477 596 701 651 respondet
747 594 954 648 applicata
997 592 1162 633 infinita
1186 594 1388 646 -negatiua
1410 622 1420 640 ,
1472 594 1651 635 omnino

168 665 328 709 necesse
366 663 439 716 est,
474 671 522 702 vt
557 673 686 702 curua
722 659 763 699 iu
803 658 959 714 puncto
994 656 1039 699 N
1074 656 1224 699 habeat
1264 656 1491 709 cuspidem,
1535 658 1653 699 inde-

168 745 251 786 que
286 728 545 784 regrediatur
580 734 621 767 et
657 724 949 766 descendendo
983 736 1082 765 cum
1121 722 1229 764 rec'ta
1251 720 1318 777 ef
1339 720 1534 761 deorsum
1556 735 1657 774 pro·

169 797 294 838 dueta
339 793 512 835 tandem
553 791 808 842 conueniat,
857 790 967 834 vnde
1000 790 1138 832 oritur
1172 801 1314 831 ramus
1345 784 1655 843 asymptoticus

170 860 293 905 NK.

334 990 370 1040 §.
411 1000 482 1039 24.
546 983 763 1028 Praeterea
811 995 945 1034 vero,
996 983 1094 1038 quia
1129 983 1242 1025 reeta
1276 981 1362 1026 Aa
1397 983 1563 1037 semper
1597 981 1657 1023 est

169 1054 406 1106 diameter,
457 1053 507 1093 ad
560 1051 736 1093 alteram
789 1051 876 1092 eius
928 1059 1090 1105 partem
1136 1048 1303 1091 dabitur
1337 1062 1469 1091 curua
1507 1047 1653 1089 fimilis

169 1134 207 1161 m
230 1116 378 1167 an‚
430 1131 484 1160 ex
535 1117 653 1158 cuius
706 1115 878 1170 cuspide
914 1128 939 1157 n
974 1115 1131 1169 pariter
1169 1127 1308 1157 ramus
1343 1113 1652 1168 asymptoticus

171 1185 239 1227 nk
275 1182 432 1224 sursum
467 1194 645 1233 vergens
678 1188 774 1221 cum
809 1181 923 1221 resta
957 1177 1021 1234 ef
1049 1179 1249 1232 modifica
1285 1181 1327 1220 in
1362 1179 1531 1222 infinito
1555 1189 1658 1218 con-

175 1250 385 1296 fundetur,
439 1246 574 1285 altero
625 1257 745 1285 ramo
792 1239 886 1282 Cm
923 1243 972 1281 ad
1009 1246 1294 1294 atymptotam
1331 1245 1365 1284 E
1389 1244 1420 1284 F
1456 1242 1661 1284 acceden0

179 1322 238 1356 te.
306 1310 424 1351 Tum
462 1309 491 1350 fi
528 1320 584 1350 ex
630 1317 747 1362 parte
798 1307 1006 1359 tangentis
1059 1306 1248 1359 opposita
1302 1320 1454 1349 curuae
1505 1306 1658 1348 similes

178 1377 442 1420 delineentur
480 1373 649 1430 μΟνκ
682 1381 724 1414 et
761 1368 986 1425 u'Cv‘nst
1046 1369 1182 1423 figura
1218 1372 1414 1414 omnibus
1468 1370 1656 1413 numeris

178 1444 261 1486 erit
294 1440 505 1496 completa
537 1451 582 1483 et
616 1436 809 1480 solutioni
843 1435 1033 1490 generali
1071 1436 1411 1478 accommodata.

354 1568 387 1617 §.
432 1578 505 1618 25.
571 1567 637 1610 En
687 1579 786 1622 ergo
836 1573 1022 1620 quatuor
1073 1576 1296 1608 cumarum
1344 1562 1499 1618 species
1546 1565 1658 1608 nad'ti

178 1634 319 1677 sumus
357 1636 463 1674 inter
501 1633 540 1674 se
575 1631 762 1674 maxime
797 1631 992 1677 diuersas,
1030 1645 1130 1686 ¹quae
1164 1642 1316 1671 omnes
1353 1629 1432 1671 hac
1468 1633 1660 1686 proprie-

180 1710 268 1741 tate
303 1699 507 1753 gaudent:
540 1709 584 1740 vt
617 1698 832 1752 portiones
868 1710 1013 1738 earum
1051 1698 1162 1739 inter
1198 1696 1327 1737 rectas
1365 1696 1407 1736 in
1438 1698 1596 1750 punc‘to
1618 1692 1656 1737 C

180 1775 472 1807 concurrentes
525 1773 741 1806 contentas
796 1762 986 1817 aequales
1033 1762 1110 1803 sint
1147 1760 1379 1803 interuallis
1415 1762 1465 1800 ab
1503 1763 1655 1803 eodem

180 1829 335 1882 angulo
371 1829 412 1868 in
449 1829 568 1869 restis
604 1828 804 1884 pofitione
840 1829 946 1870 datis
983 1827 1018 1869 E
1045 1828 1076 1869 F
1112 1837 1154 1868 et
1189 1825 1254 1882 ef
1279 1824 1467 1866 absciffis.
1512 1825 1660 1882 Quan-

182 1893 339 1935 tnmuis
377 1903 516 1934 autem
550 1894 628 1936 hae
664 1904 848 1948 quatuor
882 1894 1035 1948 species
1087 1892 1250 1934 nostrae
1294 1903 1446 1933 curuae
1491 1892 1657 1933 ratione

183 1958 340 2012 figurae
378 1973 400 1999 a
435 1959 472 2000 se
512 1960 691 2002 inuicem
743 1960 1007 2013 discrepant,
1062 1958 1250 2001 maxime
1295 1966 1437 1997 tamen
1476 1957 1584 1999 inter
1618 1957 1658 1998 se

184 2023 410 2065 cohaerent
445 2034 485 2065 et
520 2038 616 2066 cum
653 2025 864 2079 principio
900 2023 1192 2066 continuitatis
1227 2021 1515 2077 pulcherrime
1552 2035 1658 2064 con·

183 2089 315 2130 ciliari
362 2090 539 2142 poffunt.
606 2090 720 2132 Nam
756 2090 783 2130 fi
819 2089 936 2131 verbi
982 2091 1114 2144 gratia
1149 2089 1190 2131 in
1227 2086 1304 2128 hac
1343 2097 1488 2141 quarta
1525 2088 1659 2145 specie

184 2155 384 2196 statuatur
420 2153 591 2208 angulus
627 2151 666 2207 <D
699 2156 847 2205 rectus,
884 2157 1067 2210 ideoque
1103 2166 1213 2211 ty:
1235 2154 1342 2205 90⁰,
1377 2153 1458 2194 erit

184 2247 284 2291 Acta
302 2247 426 2290 Acad.
449 2249 554 2306 Imp.
571 2248 638 2293 Sc.
658 2251 764 2296 Tomi
787 2254 827 2296 V.
849 2256 894 2297 P.
912 2252 946 2298 Ι.
1236 2249 1282 2293 T
1565 2246 1603 2294 C
1619 2248 1664 2292 N
