1972 2668
786 181 900 230 »ἓέ
967 175 1163 234 )236(
1230 180 1347 229 &323⁴-

331 312 471 341 carnes
508 298 642 338 cordis
679 303 719 334 et
757 294 943 339 finuum,
979 300 1022 333 et
1058 291 1228 333 mobilis
1263 291 1306 333 in
1342 291 1621 334 directionem
1655 305 1801 346 quam-

327 375 501 413 cunque.
586 359 652 400 Sic
689 360 723 399 se
759 356 962 398 clauicuxa
1014 356 1137 398 habet
1174 360 1215 401 in
1254 357 1377 398 leone
1415 367 1456 398 et
1491 357 1669 411 tigride,
1725 359 1802 397 im-

330 428 459 470 mersa
495 425 682 465 carnibus
721 420 1003 464 musculorum
1062 421 1373 471 humentium,
1428 436 1566 476 neque
1601 433 1672 461 aut
1706 421 1803 462 stvs-

332 506 431 534 num
469 500 539 532 aut
575 489 782 543 scapulam
821 490 1055 540 attingens,
1092 498 1165 527 aut
1203 488 1282 528 vlla
1320 489 1397 528 alia
1432 502 1523 530 cum
1567 498 1686 540 parte
1732 487 1805 526 sta-

329 558 401 599 bili
436 556 673 598 coniunffita.
743 552 945 594 Punihlm
982 551 1118 594 fixum
1156 552 1259 593 haec
1294 552 1375 594 offa
1416 565 1484 594 aut
1533 553 1801 604 cartilagines

329 620 524 664 musculis
575 620 674 660 dare
729 630 814 658 non
867 618 1031 671 poffunt
1066 620 1108 660 in
1143 629 1210 658 eas
1258 616 1434 659 insertis.
1519 615 1613 658 Nec
1667 628 1803 669 partes

330 686 567 728 mouendae
623 685 738 731 sunt,
790 694 966 735 quarum
1005 682 1124 723 causa
1164 682 1339 723 musculi
1389 682 1513 722 effent
1566 681 1806 724 construsti.

330 750 473 794 Solam
512 753 641 803 igitur
678 747 814 788 sedem
851 746 1092 788 insertionis
1128 745 1348 798 efficiunt,
1400 746 1662 800 musculique
1704 746 1804 787 altc-

330 819 416 858 rius
452 815 577 858 fibras
615 828 636 854 a
671 812 787 853 fibris
846 811 1016 853 alterius
1068 812 1337 864 distinguunt.
1417 809 1539 852 Hune
1592 811 1804 865 imprimis

333 893 435 934 ergo
466 891 508 922 et
541 878 712 920 filorum
747 876 1121 931 cartilagineorum
1156 877 1271 918 vsum
1309 876 1387 917 effe
1423 876 1640 925 existimo,
1676 886 1723 916 vt
1757 875 1810 916 li-

333 948 457 988 mites
508 943 745 985 describant
782 941 1119 983 ventriculorum
1156 943 1197 982 in
1236 940 1315 981 hac
1353 950 1495 994 parte,
1548 954 1633 994 quo
1676 952 1812 992 vsque

333 1009 372 1051 se
405 1010 662 1053 extendunt,
697 1017 933 1058 eorumque
968 1003 1144 1057 figuram
1184 1003 1464 1058 confirment;
1499 1005 1648 1047 deinde
1677 1015 1721 1045 vt
1756 1004 1808 1045 fi-

331 1074 426 1116 bras
463 1084 612 1115 eorum
648 1083 670 1110 a
705 1070 867 1111 smuurn
904 1068 1020 1110 fibris
1056 1069 1321 1122 distinguant.

528 1186 615 1230 Cur
650 1195 733 1229 tres
766 1186 870 1226 rami
906 1199 959 1226 ex
994 1186 1134 1225 dextro
1168 1186 1267 1225 nodo
1296 1184 1404 1235 solus
1441 1195 1610 1239 quartus

841 1259 895 1289 ex
915 1247 1076 1305 fimstro
1111 1244 1298 1288 oriatur?

524 1319 692 1362 Mirum
730 1317 785 1360 est
818 1319 974 1362 nodum
1009 1318 1237 1368 sinistrum,
1274 1319 1347 1370 qui
1384 1319 1521 1360 maior
1554 1317 1631 1367 est,
1675 1327 1811 1360 vnum

333 1386 470 1429 solum
506 1384 705 1441 simplex,
742 1384 926 1426 anterius
963 1384 1194 1432 finissrum‚
1246 1381 1368 1425 filum
1405 1383 1662 1437 producere,
1705 1384 1810 1425 dex·

335 1461 448 1494 trum
488 1452 699 1492 minorem
737 1447 815 1488 tria
852 1448 1042 1502 reliqua,
1097 1448 1276 1489 anterius
1329 1447 1556 1498 dextrum,
1607 1448 1809 1490 deXtrum

334 1516 556 1572 posterius,
606 1524 647 1555 et
684 1512 884 1566 posterius
939 1512 1154 1559 finistrum.
1235 1511 1390 1555 Nescio
1425 1510 1453 1553 fi
1490 1524 1632 1554 veram
1682 1511 1810 1554 huius

335 1582 397 1624 rei
433 1580 596 1621 causam
634 1577 839 1630 tetigero;
874 1585 915 1618 at
954 1577 1059 1620 mihi
1097 1577 1148 1619 s1c
1182 1576 1308 1627 haec,
1341 1587 1389 1619 vt
1423 1577 1559 1619 dicam
1587 1577 1625 1619 se
1649 1576 1809 1620 habere

334 1643 516 1687 videtur.
597 1641 771 1692 Sciunt,
825 1643 898 1696 qui
933 1656 1011 1685 oua
1046 1642 1244 1685 incubata
1294 1645 1527 1694 rimantur,
1576 1652 1621 1683 et
1656 1651 1810 1684 notum

336 1710 392 1752 est
428 1720 647 1751 caeterum
684 1718 737 1749 ex
772 1707 932 1761 scriptis
969 1706 1154 1757 Halleri‚
1207 1706 1342 1751 solum
1378 1709 1515 1762 prim-a
1548 1708 1662 1750 vitae
1697 1708 1809 1760 peri-

337 1774 421 1817 odo
457 1771 736 1816 ventriculum
774 1771 977 1815 finistrum
1013 1773 1213 1822 existere,
1251 1775 1325 1827 qui
1358 1785 1443 1815 vna
1476 1785 1575 1816 curn
1610 1770 1712 1814 vafis
1748 1773 1813 1815 su-

339 1840 397 1889 is,
452 1840 604 1880 arterIa
656 1848 699 1879 et
751 1849 881 1886 vena,
934 1837 1166 1892 {implicem
1218 1835 1351 1893 figura
1401 1837 1590 1880 canalem
1633 1836 1816 1889 referat,

339 1914 488 1946 contra
523 1902 562 1943 se
596 1906 731 1958 ipsum
770 1911 1022 1956 curuatum3
1075 1912 1122 1944 vt
1157 1915 1264 1944 vena
1299 1904 1371 1954 fit,
1423 1915 1532 1958 quae
1573 1901 1811 1952 descendit,

336 1967 621 2016 ventriculus,
670 1979 777 2021 quae
813 1979 906 2021 pars
943 1967 1095 2009 canalis
1130 1978 1322 2019 curuata,
1357 1970 1593 2024 eademque
1635 1966 1811 2022 amplis--

337 2033 438 2076 suna
475 2034 552 2081 est,
598 2033 779 2083 arteria,
831 2044 934 2086 quae
968 2033 1191 2075 adscendit,
1257 2034 1370 2076 Huic
1408 2047 1510 2089 ergo
1541 2043 1586 2075 et
1619 2033 1706 2074 duo
1741 2032 1814 2073 sua

336 2098 407 2141 fila
443 2099 560 2148 sunt,
612 2108 680 2139 aut
716 2099 956 2140 rudimenta
991 2110 1166 2148 eorum,
1216 2109 1321 2152 quae
1356 2099 1400 2142 in
1436 2098 1579 2142 adulto
1628 2108 1811 2152 corpore

335 2164 633 2217 reperiuntur,
665 2164 846 2205 anterius
882 2163 1088 2213 alterum,
1124 2162 1304 2205 alterum
1339 2165 1569 2219 posterius,
1621 2173 1811 2217 quorum

335 2229 514 2284 quoduis
552 2228 725 2284 propria
759 2229 924 2284 origine
950 2241 1008 2273 ex
1044 2229 1158 2272 nodo
1189 2229 1261 2272 suo
1295 2230 1501 2288 proprio,
1533 2227 1812 2335 anteriusfiex

1752 2301 1819 2332 m-
