1972 2668
608 187 722 239 »022³ss
786 182 803 241 )
844 197 932 238 241
973 184 990 244 (
1053 184 1170 237 ἓῑεὲω

137 304 236 348 dum
290 301 610 358 spumescebat,
673 302 815 357 postea
870 301 988 345 aufto
1042 301 1140 355 igne
1193 298 1299 340 nihil
1353 298 1618 343 mouebatur.

136 371 445 424 Spumescentis
494 369 629 409 adhuc
684 369 841 419 prodiit
879 366 1068 420 Phx'egma
1106 364 1289 406 albidum
1327 366 1374 404 ad
1412 365 1621 406 semunci-

138 448 228 483 am,
264 433 520 474 simillimum
560 433 786 484 digestione
823 432 1014 484 (Fxper.
1046 429 1133 483 17,)
1170 431 1404 483 produc‘im
1439 431 1531 471 dein
1571 444 1618 467 ‹i-

136 500 250 541 lcum
289 500 429 554 primo
469 498 697 546 rufesceus,
740 497 914 536 demum
958 496 1165 547 nigricans
1205 495 1478 546 sequebatur,
1529 495 1618 535 col-

136 565 292 606 lcc'tum
329 564 380 604 ad
416 563 485 603 sex
521 562 676 613 vncias,
715 573 812 600 cum
850 573 938 614 quo
976 559 1093 600 simul
1128 558 1376 611 phlegmatis
1414 560 1509 599 flaui
1548 562 1619 600 sex

139 629 362 670 drachmae
411 627 626 669 stillarunt.
705 624 820 666 Haec
856 625 1054 678 producta
1098 635 1181 662 non
1225 624 1354 673 magis
1392 624 1616 666 volatilem

138 694 385 748 spargebant
418 693 622 740 odorem,
658 703 782 744 quam
823 704 844 730 a
880 689 1035 743 digesta
1074 687 1230 728 recenti
1269 687 1388 740 adipe
1432 686 1614 741 (Exper,

145 757 252 811 17).
322 757 478 799 Oleum
514 770 609 798 cum
648 755 777 796 tribus
812 756 945 795 vnciis
996 766 1130 807 aquae
1165 753 1310 806 agitari
1347 753 1517 806 curaui,
1570 763 1617 794 vt

136 825 299 865 acidum
335 822 634 876 extraherem,
674 831 716 862 et
751 834 896 875 aquam
934 819 1028 861 dein
1066 818 1180 859 filtro
1217 817 1414 873 separaui.

442 962 929 1042 Experimentum
974 980 1057 1044 24
1100 958 1168 1019 ad
1215 977 1308 1035 27.

318 1064 352 1113 δ.
393 1076 464 1113 31.
530 1064 673 1106 Oleum
710 1065 840 1106 tribus
890 1065 1048 1106 vicibus
1104 1065 1224 1118 supra
1275 1069 1403 1117 caput
1456 1070 1618 1104 mortu-

132 1141 205 1171 um
243 1128 527 1170 cohobatione
559 1130 839 1179 destinatum,
876 1142 1028 1183 quarto
1063 1131 1231 1172 tandem
1267 1143 1289 1170 e
1334 1137 1495 1168 retorta
1540 1140 1617 1181 pu-

131 1207 177 1235 ra
210 1194 436 1241 destillaui,
472 1205 514 1232 et
549 1195 640 1245 post
677 1194 851 1244 singulas
887 1195 1180 1237 destillationes
1227 1196 1279 1236 ab
1308 1193 1430 1236 omni
1466 1192 1615 1248 phleg-

134 1268 246 1300 mate
284 1258 516 1312 separatum
553 1266 599 1296 et
636 1268 743 1309 aqua
776 1256 962 1299 ablutum
999 1256 1090 1298 fuit.

321 1384 481 1440 Quinta
514 1383 694 1426 instituta
728 1382 949 1430 destillatio
984 1382 1196 1437 praebuit:

200 1494 237 1521 1.
271 1481 363 1523 Olei
399 1482 679 1529 flauescentis‚
712 1479 935 1535 pellucidi,
970 1479 1074 1520 bene
1111 1477 1261 1518 olentis
1300 1472 1399 1531 }.jss.

201 1574 240 1601 2.
277 1560 543 1607 Rubicundi‚
575 1559 819 1612 ceteroquin
858 1558 1004 1601 similis
1042 1557 1124 1598 olei
1162 1553 1236 1612 }ij.
1274 1553 1344 1611 3j

200 1649 240 1686 3.
281 1634 490 1677 Omnium
529 1645 666 1676 autem
701 1632 1022 1689 demllationum
1058 1629 1251 1688 phlegma
1280 1628 1476 1686 aequauit
1503 1641 1610 1684 pon-

323 1701 398 1740 dus
437 1700 648 1741 vnciarum
682 1699 796 1751 duo;
829 1708 869 1740 at

198 1777 480 1830 4.R⁷es1duus
531 1778 649 1820 carbo
700 1787 870 1830 quartae
920 1775 1204 1819 destinationis
1257 1773 1476 1818 drachmas
1529 1785 1607 1814 no-

321 1855 442 1893 vem,
479 1853 519 1883 et
552 1845 718 1898 quintae
754 1844 920 1884 vnciam
956 1842 1192 1882 dimidiam.

561 1985 1046 2068 Experimentum
1090 1982 1177 2042 28.

347 2136 357 2147 ,
395 2114 466 2151 32.
533 2102 721 2157 Phlegma
772 2102 943 2145 flauum,
997 2100 1110 2154 gustu
1149 2098 1412 2146 subncidum,
1472 2099 1603 2142 odore

133 2165 319 2211 volatili.
374 2168 555 2210 charram
605 2167 837 2210 caeruleam
890 2167 1042 2213 rubro,
1095 2175 1136 2204 et
1182 2164 1349 2204 rubram
1390 2177 1602 2218 purpureo

131 2232 364 2286 intingebat
416 2234 568 2273 colore.
642 2233 790 2274 Adfusa
844 2233 991 2274 solutio
1042 2230 1130 2275 salis
1186 2232 1324 2271 tartari
1375 2232 1603 2271 extricauit

134 2299 230 2341 Ach-
250 2295 490 2351 Acad.1mp.
511 2296 579 2339 So.
599 2297 707 2341 Tom.
728 2299 768 2342 V.
791 2300 833 2339 P.
852 2296 884 2339 1.
1135 2294 1178 2336 H
1212 2294 1239 2336 h
1484 2294 1602 2337 alcali
