1972 2668
769 197 883 245 »5³13
950 190 965 245 i
1005 204 1095 243 240
1137 189 1153 245 (
1215 192 1330 242 &103-

309 313 493 359 lcmbico
529 311 691 366 gaieato
726 306 859 349 balnei
896 317 1044 347 arenae
1078 305 1246 346 modico
1283 300 1413 343 calori
1446 302 1654 344 commifi.
1707 303 1776 347 Ob

309 380 414 421 aeris
452 376 749 418 abundantiam
788 370 899 424 quasi
937 369 1087 412 bullire
1139 368 1248 408 visus
1292 367 1361 408 est.
1430 364 1622 421 Vapores
1659 367 1779 410 chat·

309 454 393 484 tam
431 442 550 483 succo
587 436 829 491 heliotropii
868 436 1040 476 tinstam
1079 447 1101 474 e
1137 432 1325 474 caeruleo
1363 432 1403 471 in
1443 431 1614 472 rubrum
1659 432 1777 472 colo-

307 521 395 549 rem
433 508 652 547 euidenter
689 511 918 544 mutarunt.
973 498 1204 540 Intensiore
1241 498 1487 539 continuato
1521 497 1659 537 calore
1697 508 1777 538 tres

307 575 454 616 vnciae
478 569 730 628 phlegmatis
767 566 955 619 limpidi,
994 563 1224 605 subturbidi
1260 561 1489 604 stillarunt.
1528 564 1644 602 cuius
1678 563 1781 604 odor

308 650 352 679 et
387 636 554 679 aciditas
592 635 730 677 miuus
765 630 953 672 exaltata
990 628 1225 678 videbatur,
1262 638 1388 680 quam
1427 625 1551 681 ipsius
1586 626 1728 681 adipis.

741 755 1227 836 Experimentum
1271 774 1355 813 22.

495 854 531 905 ξ.
573 867 647 904 29.
711 853 871 897 Vncias
906 855 1045 896 decem
1085 855 1262 896 eXtraCti
1299 869 1372 909 per
1419 856 1600 898 calorem
1649 853 1779 907 adipis

308 933 406 962 cum
442 919 594 973 viginti
646 919 780 960 vnciis
833 931 964 972 aquae
1017 920 1180 972 tepidae
1241 920 1369 974 subigi
1423 922 1580 966 curaui,
1658 917 1783 972 Aqua

310 985 408 1028 hinc
447 985 636 1034 turbata,
673 982 904 1037 Heliotropil
939 984 1186 1031 tincturam,
1233 984 1322 1024 imo
1357 985 1562 1025 chartulas
1597 984 1786 1025 caerule-

311 1064 379 1099 ες,
416 1049 650 1091 rubicundo
685 1047 896 1089 inficiebat
944 1047 1109 1096 colore3
1145 1048 1312 1089 chartae
1351 1059 1492 1089 tamen
1538 1049 1634 1089 istae
1666 1047 1785 1089 ficca-

313 1117 431 1158 tione
467 1114 515 1155 ad
554 1114 795 1154 caeruleum
835 1110 1026 1153 redibant
1061 1111 1263 1153 colorem.

499 1235 680 1278 Ablutio
699 1234 831 1288 adipis
859 1232 1036 1288 repetita
1057 1231 1159 1281 fuit,
1189 1230 1324 1273 donec
1344 1230 1530 1273 adhibita
1559 1247 1664 1287 aqua
1693 1235 1788 1276 lim-

314 1299 528 1357 pidissima
559 1300 728 1341 tandem
758 1299 969 1353 produ-et,-
1006 1307 1102 1339 tunc
1124 1308 1229 1337 vero
1262 1299 1403 1351 adeps,
1440 1299 1553 1352 prius
1588 1297 1681 1340 rufo
1707 1299 1791 1339 fus·
1817 1328 1820 1331 Α

314 1379 388 1414 ca,
440 1365 658 1405 cinereum
691 1363 911 1417 acquifiuit
945 1362 1135 1403 colorem
1171 1370 1214 1400 et
1247 1363 1375 1404 odore
1410 1362 1500 1404 imo
1540 1362 1628 1404 fere
1671 1363 1790 1418 gustu

316 1442 465 1484 expers
501 1429 603 1470 fasta
649 1429 719 1469 est.
804 1429 965 1469 Lotura
1010 1426 1145 1480 adipis
1196 1436 1423 1480 euaporata
1473 1428 1604 1478 lente,
1658 1428 1789 1482 magis

319 1496 535 1548 magisque
572 1493 742 1533 mucosa
773 1492 904 1533 euafit
938 1501 982 1531 et
1015 1490 1185 1544 reliquit
1235 1492 1402 1533 tandem
1451 1493 1668 1534 drachmas
1714 1505 1792 1533 no·

318 1571 417 1600 vern
464 1559 637 1612 pituitae
686 1557 839 1605 siccae,
893 1556 990 1597 fusci
1041 1555 1223 1604 coloris,
1273 1570 1377 1609 quae
1414 1557 1585 1612 insipida
1639 1559 1792 1612 pariter

321 1634 363 1665 et
397 1624 539 1665 odoris
572 1634 748 1676 expers,
784 1621 903 1662 facile
938 1621 980 1661 in
1015 1633 1122 1674 aqua
1158 1621 1294 1672 tepida
1340 1621 1634 1664 resoluebatur.
1701 1620 1793 1663 Sal-

321 1687 474 1730 sedinis
508 1689 688 1728 omnino
722 1686 885 1728 nullum
921 1686 962 1727 in
999 1686 1069 1726 illa
1105 1686 1321 1738 vestigium
1366 1700 1441 1741 per
1474 1687 1686 1743 reagentia
1720 1700 1794 1741 ap-

324 1754 476 1809 paruit.
558 1751 726 1793 Siccum
768 1751 975 1792 refiduum
1013 1750 1083 1791 sub
1119 1751 1216 1793 tubo
1252 1752 1598 1795 ferruminatorio
1646 1751 1792 1793 vreba-

323 1827 392 1860 tur
444 1818 729 1872 spumescens‚
779 1818 899 1857 sumo
950 1816 1232 1870 nequidquam
1287 1816 1482 1872 vrinosp3
1543 1818 1790 1871 cineresque

324 1881 475 1925 residui
511 1883 708 1924 alcaliuae
741 1891 858 1925 erant
892 1881 1061 1924 indolis.

760 2002 1245 2084 Experimentum
1289 2023 1370 2080 23.

513 2099 549 2150 §-
586 2103 661 2154 302
725 2102 878 2160 Adipis
915 2117 997 2148 non
1035 2105 1198 2160 elotae,
1249 2108 1311 2150 sed
1346 2107 1431 2150 leni
1467 2106 1601 2149 calore
1635 2104 1797 2148 solutae

329 2164 478 2207 decem
514 2170 653 2211 vncias
687 2181 744 2211 ex
778 2180 932 2214 retorta
981 2172 1025 2211 in
1074 2171 1221 2214 balneo
1265 2186 1413 2215 arenae
1457 2171 1679 2220 destillaui,
1730 2168 1797 2211 vti

330 2242 429 2274 cum
464 2232 587 2292 adipe
624 2236 788 2279 recenti
838 2234 1021 2295 (Exper.
1055 2233 1124 2294 4.)
1177 2237 1313 2281 aetum
1351 2239 1422 2282 est.
1486 2237 1619 2282 Initio
1652 2235 1800 2277 admo-

1693 2299 1798 2343 dum
