1972 2668
793 230 911 283 ”⁰5³2ss
973 225 1173 286 )226(
1237 227 1353 280 gaga-

333 346 409 388 bus
445 342 667 396 contiguis,
702 356 801 398 quos
835 340 1038 396 efficiunt,
1075 343 1227 397 pariter
1254 342 1422 396 oblique
1444 341 1674 385 antrorsum
1697 355 1806 386 nune

335 408 688 465 progrediuntur,
731 409 994 462 anteriusque
1031 408 1241 462 prodeunt
1282 409 1386 465 (a).
1451 406 1573 462 Quae
1609 408 1806 449 dextrum

337 473 525 515 efficiunt
560 474 759 528 parietem
798 473 904 515 smus
939 473 1116 523 sinistri,
1165 472 1435 515 sinistrorsum
1491 472 1662 525 oblique
1697 469 1776 527 (b)
1798 501 1811 522 ,

335 551 439 592 quae
475 538 680 579 sinistrum
728 540 870 593 dextri
907 538 1047 589 finus,
1099 539 1364 580 dextrorsum
1404 536 1502 593 (c),
1556 538 1809 590 prodeuntes

332 605 377 646 in
412 603 571 657 pariete
607 596 771 659 sinuum
807 604 1005 645 anteriori
1040 602 1316 653 adscendunt,
1351 602 1589 654 lineamque
1623 602 1675 642 fic
1713 614 1808 642 ver·-

333 668 502 711 ticalem
540 667 621 725 (d)
656 682 710 710 ex
744 668 1007 722 interioribus
1044 669 1255 722 contiguis
1301 669 1343 708 in
1381 667 1611 723 anteriores
1648 666 1807 708 finuum

333 735 514 788 parietes
550 735 797 788 prodeundo
833 732 1032 776 efficiunt.
1114 733 1231 775 Tum
1271 743 1471 784 vtraeque
1510 730 1635 785 fibrae
1674 733 1807 771 vtrin-

331 812 414 852 que
464 798 633 852 oblique
685 799 982 842 adscendentes
1038 811 1155 840 arcus
1209 798 1436 837 formando
1490 797 1530 837 in
1584 797 1620 836 se
1658 806 1808 838 mutuo

333 864 582 905 continuant
618 861 716 920 (e),
765 863 1028 917 circulosque
1074 876 1122 904 ea
1157 863 1320 903 ratione
1360 862 1594 917 producunt
1631 862 1806 902 vorticis

332 928 563 970 interiores.
646 928 768 983 Quae
821 930 1020 984 proxime
1068 929 1186 968 iuxta
1221 929 1397 969 vorticis
1431 927 1564 968 sedem
1603 938 1658 966 ex
1694 927 1807 967 nodo

332 1002 384 1039 et>
408 993 482 1033 filo
515 992 790 1044 cartilagineo
827 994 981 1034 dextro
1016 993 1228 1031 dexterius
1265 989 1337 1046 (s)
1359 1021 1370 1039 ‚
1420 990 1635 1032 sinisterius
1671 1003 1723 1031 ex
1745 1003 1810 1031 ra-

331 1070 406 1098 mo
442 1058 747 1098 anastomotico
781 1053 861 1112 (g)
885 1087 896 1106 ,
943 1056 1164 1100 oriuntur,
1211 1054 1316 1099 bae,
1369 1055 1470 1094 sicut
1507 1056 1590 1094 iam
1628 1056 1807 1104 monui,

329 1122 443 1164 rec'ta
478 1122 560 1164 fere
594 1122 791 1174 vtrinque
825 1119 1076 1161 adscendunt
1112 1119 1264 1171 primo,
1302 1119 1452 1160 deinde
1488 1120 1627 1158 verius
1653 1117 1689 1156 se
1719 1131 1810 1158 mu-

330 1197 408 1227 tuo
456 1198 649 1227 curuatae
694 1185 950 1235 arcubusque
988 1182 1187 1222 similibus
1224 1183 1338 1222 fac-”tis
1381 1181 1637 1230 maioribus,
1690 1182 1731 1223 in
1767 1181 1807 1222 se

331 1260 485 1291 mutuo
526 1248 680 1302 pariter
725 1248 969 1296 transeunt,
1022 1255 1063 1286 et
1111 1243 1290 1283 circulos
1325 1244 1377 1283 sic
1412 1243 1599 1284 efficiunt
1631 1247 1808 1286 vorticis

332 1314 577 1356 exteriores,

330 1442 551 1489 Strub‘z‘ura
592 1440 717 1484 lineae
752 1435 953 1493 fimplicis
987 1433 1228 1483 verticalis,
1282 1447 1384 1488 quae
1410 1433 1537 1487 fibris
1572 1432 1813 1490 bastlaribus

591 1507 632 1547 in
667 1504 763 1547 aliis
797 1500 981 1544 cordibus
1014 1500 1095 1541 loco
1129 1502 1298 1542 vorticis
1324 1500 1540 1556 formatur.

518 1599 649 1644 Pauio
685 1600 806 1642 aliter
842 1611 908 1640 res
944 1598 983 1638 se
1019 1597 1147 1638 habet
1182 1599 1223 1637 in
1260 1597 1308 1639 iis
1345 1598 1560 1647 cordibus,
1603 1597 1673 1638 vbi
1711 1597 1808 1638 fim-

335 1665 487 1720 plicem
528 1667 679 1707 lineam
715 1666 842 1706 fibrae
878 1662 1055 1704 inflexae
1090 1663 1187 1704 loco
1220 1663 1395 1704 vorticis
1430 1663 1629 1703 formant.
1683 1661 1808 1717 Quae

331 1731 460 1772 fibrae
499 1745 628 1785 prope
665 1732 797 1771 sedem
837 1729 959 1770 huius
996 1727 1125 1771 lineae
1160 1741 1214 1768 ex
1252 1729 1363 1769 nodo
1400 1728 1467 1768 vel
1502 1727 1711 1782 principio
1742 1725 1806 1767 fili

333 1796 586 1851 cartilaginei
623 1796 758 1837 dextri
795 1799 1002 1843 oriuntur,
1039 1793 1200 1835 directo
1235 1793 1359 1835 duCtu
1395 1792 1564 1847 oblique
1601 1792 1803 1833 sinistror-

1339 1872 1344 1877 ·
1715 1857 1811 1899 sum

408 2017 473 2062 (a)
523 2011 610 2048 Tab1
639 2011 686 2044 11·
715 2021 758 2053 4¹·
784 2020 831 2054 37·
858 2020 911 2056 39*

404 2065 473 2112 (b)
526 2062 613 2099 Tab,
641 2060 681 2095 ll.
708 2073 760 2105 39.

410 2127 476 2170 (c)
524 2120 613 2155 Tab.
639 2120 682 2153 ῘῙ.
709 2130 756 2162 41.
783 2128 831 2159 37·

408 2174 481 2222 (d)
535 2171 622 2208 Tab⁴
650 2169 702 2204 11.
735 2180 788 2212 40.
815 2178 863 2212 37.

409 2235 475 2283 (εῆ
527 2230 604 2264 Tab.
634 2229 677 2262 [Ι.
704 2229 755 2271 36.
780 2233 833 2270 38-

411 2287 479 2332 (s)
531 2280 615 2316 Tab.
644 2277 691 2313 11.
716 2290 761 2323 35.
791 2288 836 2320 3²·
863 2282 915 2319 34⁴

408 2343 482 2394 (g)
535 2341 621 2375 Tab.
650 2337 782 2380 11..42
805 2346 855 2378 34.
