1972 2668
334 198 388 236 18
798 186 1323 235 HISTOIRE.

329 312 500 354 autem,
537 316 642 358 quae
679 304 852 345 instituti
890 304 1016 345 nostri
1053 304 1164 344 ratio
1198 301 1278 348 est,
1331 301 1382 343 de
1415 300 1789 350 instrumentorum

327 368 551 410 harmonia
585 368 841 421 potissimum
880 376 1051 418 agatur,
1100 379 1171 413 ea,
1217 378 1322 419 quae
1359 365 1611 408 Sereniffimi
1649 371 1797 412 sunda-

328 433 429 474 toris
466 432 588 472 nostri
623 431 723 468 iuffu
761 430 1043 483 sumtibusque
1080 430 1388 478 distribuimus,
1426 443 1506 473 vna
1541 445 1637 473 cum
1675 435 1793 475 breui

325 497 412 537 eius
448 495 586 541 modi,
640 504 725 546 quo
761 493 947 534 confecta
985 495 1102 542 sunt,
1162 495 1440 547 descriptione
1475 498 1795 550 quamprimum

325 558 444 599 vobis
483 556 727 605 mittemus,
777 557 1075 599 absolutiorem
1112 559 1437 611 descriptionem
1475 561 1524 599 ad
1558 561 1794 615 ephemeri-

322 622 421 663 dum
460 621 693 661 nostrarum
732 622 1155 674 meteorologicarum
1208 622 1404 664 volumen
1447 625 1634 679 primum
1673 628 1793 667 iuxta

319 688 475 729 moniti
521 684 828 740 paragraphum
862 685 1013 727 XVIII
1050 687 1317 728 reservanteS.

507 814 672 859 Poterit
710 816 970 858 illustriffima
1005 816 1238 858 Academia
1290 816 1545 873 imperialis,
1598 817 1625 858 fi
1662 817 1718 858 ita
1752 818 1791 858 ei

317 880 452 921 visum
491 881 639 930 fuerit,
692 882 967 923 instrumenta
1002 885 1047 924 ad
1084 883 1166 923 hoc
1203 884 1446 938 exemplum
1483 882 1688 936 paranda,
1742 894 1789 922 ae

317 944 486 987 delec'tis
520 944 695 999 Imperii
734 943 885 987 Rusfici
939 946 1044 988 locis
1081 947 1324 988 collocanda
1368 959 1524 986 curare.
1591 946 1665 987 An
1703 945 1793 986 coI-

317 1007 442 1049 leuas
497 1007 594 1050 inde
647 1011 955 1052 obseruationes
1009 1011 1203 1064 singulari
1254 1024 1384 1065 opere
1436 1009 1519 1064 ipsa
1563 1010 1791 1063 quotannis

317 1072 465 1122 edere,
502 1083 572 1113 aut
607 1074 824 1125 nobiscum
862 1076 1177 1117 communicare
1215 1076 1346 1127 velit,
1382 1084 1428 1115 vt
1466 1086 1547 1115 vna
1581 1087 1675 1115 cum
1714 1087 1794 1115 no-

316 1137 405 1178 stris
437 1138 478 1177 in
514 1137 652 1179 lucem
691 1139 918 1192 prodeant,
954 1139 1036 1181 hoc
1071 1140 1290 1195 sapientiae
1325 1140 1409 1181 eius
1447 1148 1491 1179 et
1524 1139 1677 1187 studio,
1726 1151 1794 1178 re-

313 1202 559 1255 linquimus.
629 1201 694 1243 Vt
729 1215 855 1253 vero,
908 1216 1016 1257 quae
1068 1204 1351 1246 instrumentis
1389 1203 1535 1243 nostris
1571 1202 1788 1257 Petropoli

313 1266 525 1307 institutae
561 1266 743 1315 fuerint,
779 1266 1092 1306 obseruationes
1128 1269 1347 1306 annuatim
1393 1267 1514 1307 nobis
1548 1268 1797 1319 mittantur,

311 1329 353 1370 id
388 1330 512 1369 enixe
564 1341 771 1382 rogamus,
852 1327 929 1370 His
964 1328 990 1369 fi
1027 1330 1134 1371 aliae
1193 1331 1422 1382 quaedam,
1473 1329 1523 1369 de
1560 1330 1708 1382 quibus
1743 1332 1787 1370 in

311 1393 477 1435 monito
524 1390 583 1445 (ξ.
625 1405 666 1440 5.
704 1407 746 1441 9,
788 1404 858 1432 10.
902 1389 974 1444 13)
1012 1392 1151 1433 sermo
1188 1393 1269 1442 est,
1320 1393 1671 1444 adiungerentur,
1714 1406 1790 1434 res

312 1456 434 1498 fieret
470 1455 589 1497 nobis
627 1456 763 1496 multo
798 1456 1037 1509 gratiffima.

500 1586 543 1629 Si
581 1589 680 1651 quid
730 1602 863 1643 porro
903 1589 1004 1639 erit,
1056 1587 1155 1630 Viri
1208 1588 1564 1642 praestantissimi,
1614 1588 1728 1642 quod
1764 1601 1789 1628 a

311 1650 433 1693 nobis
469 1653 726 1704 demereris,
778 1654 825 1695 ad
864 1655 902 1695 id
938 1667 1069 1696 omne
1106 1664 1296 1709 promtos
1348 1667 1423 1695 nos
1460 1655 1624 1708 semper
1659 1665 1785 1708 para-

311 1725 461 1770 tosque
499 1716 716 1760 habebitis.
785 1717 954 1760 Valete.

497 1821 703 1865 Dedimus
739 1821 978 1864 Man‘hemii
1013 1819 1089 1862 111.
1126 1821 1214 1861 idus
1249 1817 1431 1860 Ianuarii
1471 1824 1609 1868 1781.

307 1958 355 2001 L.
373 1957 423 2001 Β.
442 1958 489 2001 de
506 1956 815 2013 Hohenhausen‚

1300 2076 1514 2142 Stengei.

1527 2188 1750 2232 Hemmer.

1630 2285 1782 2338 Hyvct
