1972 2668
778 193 894 244 »5³33
958 187 975 246 )
1012 200 1069 242 58
1105 190 1123 248 ἱ
1186 191 1305 242 &te-3<-

309 316 379 351 tae
415 306 606 361 aequales
643 310 767 344 erunt
800 300 984 343 chordae
1020 301 1201 343 maximi
1237 300 1383 344 circuli
1420 300 1531 353 EF;
1567 302 1676 343 vnde
1709 319 1780 360 pa-

312 383 377 414 tet
429 368 766 412 intersectionem
817 366 1041 408 amborum
1095 366 1350 409 circulorum
1403 368 1618 408 minorum
1655 363 1694 406 G
1740 368 1780 409 in

311 438 440 490 ipsam
482 433 635 474 restam
667 431 702 472 E
723 429 755 471 F
777 430 980 481 incidere,
1016 433 1073 474 ita
1110 439 1156 472 vt
1189 430 1237 471 fit
1273 429 1493 473 EGzFG
1516 430 1784 473 vtdiameter

311 498 460 542 circuli
496 497 532 537 E
554 494 653 538 GH
687 498 735 538 ad
769 496 1025 537 diametrum
1058 495 1204 538 circuli
1233 494 1322 539 FG
1346 496 1401 546 H,
1436 496 1509 550 qui
1541 507 1637 536 cum
1663 496 1781 537 fimul

311 564 438 606 sumti
474 560 668 614 aequales
704 560 780 602 fint
813 560 1025 603 diametro
1061 559 1206 602 circuli
1245 561 1447 610 maximi,
1483 560 1655 603 euidens
1693 562 1784 609 esti,

311 629 441 671 etiam
482 627 687 667 summam
724 625 978 666 chordarum
1016 622 1112 666 EG
1145 636 1186 666 et
1222 624 1311 666 FG
1365 626 1443 666 toti
1477 625 1657 666 chordae
1696 626 1730 667 E
1753 625 1783 666 F

311 692 528 746 aequalem
575 691 653 732 effe
706 689 871 732 debere.
940 689 1157 745 Quoniam
1196 689 1323 742 igitur
1360 701 1478 731 arcus
1507 688 1579 729 his
1614 688 1781 731 chordis

310 756 486 799 subtenfi
533 756 582 796 ad
630 768 698 796 eas
745 755 926 795 eandem
975 764 1118 794 tenent
1154 754 1395 804 rationem,
1449 753 1608 794 necesse
1644 754 1699 796 est
1737 766 1786 797 vt

311 836 428 866 arcus
463 820 548 863 EF
584 819 766 877 aequalis
804 820 854 861 sit
890 819 1076 860 summae
1111 831 1285 860 arcuum
1326 815 1419 861 EG
1455 830 1497 860 et
1533 815 1639 860 FG.

815 944 1198 1004 Corollarium
1247 968 1290 1003 1.

498 1069 535 1116 ξ.
574 1075 643 1112 18.
714 1064 824 1109 Cum
876 1078 996 1107 arcus
1031 1065 1120 1107 EF
1155 1065 1333 1118 aequalis
1384 1064 1433 1106 sit
1480 1064 1668 1106 summae
1719 1078 1789 1107 ar-

312 1145 439 1176 cuum
476 1130 570 1173 EG
608 1142 649 1173 ct
683 1129 805 1181 PG,
852 1132 885 1173 is
920 1131 977 1171 ita
1014 1131 1173 1172 secetur
1209 1131 1249 1170 in
1286 1130 1331 1180 Ι,
1368 1140 1417 1170 vt
1452 1128 1527 1171 fiat
1561 1142 1679 1171 arcus
1713 1129 1787 1171 EI

310 1213 367 1239 L:
388 1198 501 1237 arcui
523 1197 561 1238 E
581 1195 620 1239 G
657 1208 696 1237 et
733 1209 852 1237 arcus
891 1193 921 1234 F
944 1194 964 1234 I
983 1210 1033 1237 z
1052 1196 1166 1234 arcui
1190 1193 1300 1243 FG;
1335 1205 1377 1235 et
1412 1195 1495 1234 iam
1519 1195 1785 1236 manifestum

313 1262 387 1309 est,
422 1261 450 1299 fi
488 1261 614 1300 ambo
649 1259 796 1299 circuli
836 1257 1023 1297 minores
1060 1257 1183 1296 initio
1218 1258 1459 1296 maximum
1495 1258 1712 1310 tetigerint
1742 1261 1786 1299 in

312 1323 471 1380 punc‘to
506 1323 559 1376 I,
627 1322 696 1363 vbi
752 1321 920 1375 Vtrique
967 1320 1082 1362 stilus
1133 1319 1289 1362 infixus
1338 1321 1624 1374 concipiatur3
1693 1331 1787 1365 tum

313 1388 453 1431 stilum
508 1386 652 1428 circuli
705 1384 864 1428 EGH
911 1396 1022 1426 nunc
1071 1384 1163 1425 fore
1198 1387 1239 1423 in
1275 1384 1433 1437 pund'to
1464 1383 1519 1436 G,
1552 1386 1624 1427 vbi
1660 1386 1791 1429 etiam

314 1454 395 1495 erit
439 1451 553 1492 stilus
587 1449 756 1492 alterius
790 1448 939 1490 circuli
975 1445 1064 1490 FG
1085 1447 1152 1498 H;
1189 1447 1298 1488 vnde
1332 1457 1461 1502 patet,
1493 1449 1640 1492 ambos
1672 1450 1789 1491 stilos

316 1530 372 1560 ex
408 1515 429 1556 Ι
464 1517 642 1569 egressos
695 1513 873 1556 eandem
910 1524 1083 1553 curnam
1121 1511 1199 1555 IG
1235 1513 1313 1553 effe
1346 1512 1642 1567 descripturos,
1679 1526 1791 1568 quae

314 1594 416 1638 ergo
451 1581 532 1622 erit
568 1577 857 1637 Hypocyclois
893 1576 1059 1631 vtrique
1083 1576 1249 1620 circulo
1284 1577 1435 1620 mobili
1469 1578 1723 1621 communis.

816 1716 1193 1776 Corollarium
1237 1734 1288 1774 ρ.

507 1841 543 1891 ξ.
587 1852 658 1891 19.
727 1838 858 1895 Quod
890 1838 918 1881 fi
955 1850 1056 1893 ergo
1106 1837 1236 1879 ambo
1271 1837 1417 1880 circuli
1454 1837 1630 1880 mobiles
1667 1835 1792 1879 initio

320 1907 530 1952 circulum
569 1905 807 1946 maximum
844 1905 887 1945 in
925 1904 1081 1958 pumsto
1118 1903 1137 1944 I
1172 1905 1447 1957 contigerint,
1487 1904 1668 1958 indeque
1701 1915 1793 1943 am·

320 1975 377 2016 bo
412 1974 454 2014 in
491 1970 629 2025 plagas
665 1969 896 2013 contrarias
931 1971 988 2012 ita
1022 1968 1327 2024 prouoluantur
1378 1982 1453 2024 per
1488 1981 1606 2011 arcus
1642 1966 1716 2008 IE
1750 1976 1793 2007 et

318 2038 404 2087 lF,
441 2037 513 2091 qui
550 2037 660 2076 inter
697 2037 734 2077 se
770 2034 950 2076 habeant
986 2035 1195 2076 rationem
1233 2034 1566 2083 diametrorum,
1599 2043 1692 2075 tum
1727 2031 1791 2072 isti

321 2103 470 2145 circuli
505 2101 543 2142 se
581 2109 791 2154 perpetuo
823 2101 867 2141 in
901 2100 1049 2142 iisdem
1086 2099 1251 2154 punctis
1288 2098 1610 2149 intersecabunt‚
1631 2099 1681 2139 iis
1717 2096 1792 2138 sci-

321 2168 436 2221 licet,
459 2179 566 2222 quae
597 2165 724 2208 initio
759 2165 921 2210 fuerant
955 2162 1078 2209 fimul
1110 2164 1153 2207 in
1187 2164 1344 2222 punito
1376 2164 1409 2208 Ι.
1479 2161 1684 2209 Ceterum
1720 2160 1793 2204 hic

1662 2225 1798 2271 Phae·
