1972 2668
813 173 927 222 *ἓὲ
993 167 1190 225 >254<
1253 170 1370 223 &tego

365 288 409 331 e?l
446 286 487 328 in
525 283 762 328 vniuersum
816 282 1002 324 medium
1056 282 1266 325 tenebant.
1349 282 1480 336 calyx
1524 294 1565 325 v.
1599 296 1636 338 g.
1673 286 1829 342 maior,

361 352 488 406 paulo
523 351 662 390 minus
714 347 1003 399 ‘tomentosus‚
1061 348 1364 402 latioribusque
1403 363 1447 391 ac
1485 349 1745 404 longioribus
1780 352 1837 392 la·

359 417 478 457 ciniis
515 416 688 462 incisus,
727 411 931 467 quam‘233
968 414 1034 455 sed
1071 415 1236 463 minor,
1274 415 1404 469 magis
1442 418 1722 463 tomentolus,
1766 428 1836 455 an-

358 480 610 534 gustioribus
662 491 708 519 ac
763 477 1026 521 breuioribus
1079 480 1240 521 laciniis
1297 479 1537 532 instructus,
1602 493 1725 534 quarn
1782 479 1839 523 07'.

361 543 522 587 Corolia
557 548 717 597 maior,
768 544 872 586 facie
909 545 1123 588 exteriore
1161 543 1299 586 subtili
1351 546 1548 599 quidem,
1602 545 1658 586 ast
1696 546 1833 585 minus

358 609 535 654 notabili
589 617 782 650 tomento
835 609 999 660 vestita,
1051 612 1093 651 in
1132 610 1297 653 lacinias
1346 624 1430 652 non
1467 612 1571 652 adeo
1605 609 1835 663 oblongas,

359 677 426 717 sed
462 675 806 716 subrotundiores
840 674 997 724 diuisa,
1034 676 1273 729 colorisque
1310 675 1560 719 saturatioris
1603 689 1648 716 ac
1683 675 1837 716 wiuidi-

360 753 407 781 us
442 739 725 787 flauescentis,
766 752 887 793 quam
925 737 981 791 533
1027 741 1082 782 ast
1120 741 1262 781 minor
1297 741 1465 789 eadem,
1519 736 1732 794 magisque
1767 749 1834 780 to-

363 805 578 854 mentosa,
627 804 788 844 laciniis
825 803 936 845 haud
974 806 1032 846 ita
1069 807 1281 855 rotundis,
1334 805 1398 847 sed
1439 805 1488 846 ad
1537 805 1830 859 oblongiorem

359 869 540 910 sormam
577 869 847 918 construftis,
899 868 1128 925 coloreque
1164 870 1286 924 paulo
1324 871 1569 925 pallidiore,
1608 881 1735 923 quam
1774 865 1835 910 0².

358 934 504 977 Tubus
540 934 718 975 corollae
754 935 919 980 minor,
964 947 1089 986 quam
1130 936 1184 987 23
1222 936 1277 976 ast
1311 939 1470 986 maior,
1523 935 1738 989 magisque
1774 934 1836 974 di-

358 999 553 1047 mustus,
589 1011 710 1051 qnam
751 997 809 1037 ff.
878 995 956 1037 Pili
998 998 1296 1049 filamentorum
1331 1000 1566 1052 longiores,
1623 1011 1749 1052 quam
1793 998 1839 1039 in

361 1065 417 1116 ῼ,
454 1063 517 1105 sed
554 1062 794 1110 breuiores,
832 1073 957 1114 quam
995 1063 1035 1102 in
1069 1062 1130 1107 0⁷¹.
1197 1061 1259 1102 Ita
1295 1075 1466 1117 quoque
1502 1061 1717 1104 filamenta
1751 1063 1837 1103 duo

364 1130 528 1169 maiora
565 1128 669 1168 facie
721 1127 788 1168 sua
842 1126 1070 1178 interiore,
1121 1127 1148 1175 ῼ
1187 1126 1333 1175 instar,
1391 1126 1482 1181 pilis
1532 1125 1685 1174 obsita,
1739 1138 1837 1167 cum

360 1194 506 1233 eadem
547 1191 592 1231 0⁷¹
629 1201 716 1230 tota
751 1189 896 1242 glabra
933 1189 1022 1227 fint.
1089 1189 1230 1227 Puluis
1266 1188 1530 1229 arnherarum
1564 1190 1720 1231 coloris
1762 1203 1835 1232 au-

359 1258 486 1297 rantii
540 1253 825 1301 saturatioris,
877 1262 1003 1303 qnam
1039 1252 1082 1292 in
1119 1245 1303 1304 vtroque
1352 1263 1550 1306 parente,
1604 1263 1660 1292 ex
1707 1254 1839 1296 meris

359 1319 556 1363 folliculis
593 1317 805 1372 paruulis,
841 1314 1032 1357 inanibus
1069 1328 1117 1357 ac
1153 1314 1369 1369 ellipticis,
1415 1314 1646 1368 constabat,
1699 1315 1838 1360 thecas

359 1385 545 1439 ipsarum
586 1383 762 1424 minime
800 1380 1092 1436 explentibus3
1144 1380 1243 1422 hinc
1289 1382 1418 1423 etiam
1465 1382 1621 1423 sacrum
1657 1381 1738 1431 est,
1789 1389 1839 1423 vt

362 1451 413 1491 ab
447 1450 510 1492 his
539 1448 609 1490 sub
630 1447 920 1489 contractione
957 1446 1375 1500 integumentorum,
1409 1445 1690 1491 florescentiae
1724 1455 1837 1488 tem·

358 1528 464 1571 pore
501 1514 745 1561 euenicnte,
779 1514 855 1552 vix
891 1511 1045 1564 aliquid
1083 1511 1169 1552 eius
1207 1513 1383 1552 excerni
1419 1512 1620 1568 potuerit.
1699 1509 1834 1553 Parti-

365 1581 481 1624 culae
515 1579 697 1634 pulueris
735 1576 1000 1618 antherarum
1038 1573 1068 1620 ‘2
1108 1588 1239 1628 aquae
1283 1576 1530 1630 immersae,
1583 1577 1836 1619 immutatae

363 1643 684 1701 permanebant,
736 1656 831 1683 cum
869 1642 962 1683 istae
1001 1640 1029 1690 ῼ
1068 1649 1112 1682 et
1152 1640 1197 1682 0⁷¹
1232 1654 1252 1682 e
1287 1644 1507 1685 contrario
1556 1643 1736 1684 sormam
1772 1642 1836 1695 ip-

361 1712 497 1752 sarum
534 1709 763 1763 ellipticam
802 1707 871 1748 sub
906 1707 1057 1748 eodem
1096 1705 1198 1747 statu
1233 1719 1329 1748 cum
1358 1707 1606 1763 subglobosa
1636 1718 1834 1748 commu-

361 1788 450 1817 tare
507 1773 745 1815 constanter
795 1772 962 1814 soleant.
1031 1769 1126 1813 Vix
1163 1782 1245 1812 vna
1297 1785 1443 1814 earum
1481 1773 1548 1816 vel
1583 1771 1711 1814 altera
1763 1769 1835 1813 sub

361 1840 592 1883 multarum
630 1840 753 1893 copia
788 1836 1060 1892 reperiunda,
1112 1848 1218 1889 quae
1255 1836 1305 1878 ab
1345 1838 1483 1880 hausta
1521 1851 1631 1893 aqua
1667 1837 1834 1879 modice

362 1905 690 1953 intumescebat,
725 1903 883 1944 semine
919 1902 1030 1944 virili
1065 1899 1176 1942 sorte
1211 1902 1375 1956 repleta.
1424 1901 1590 1958 Stigma
1623 1913 1711 1943 non
1748 1900 1836 1944 sub-

363 1971 614 2015 rotundum,
651 1981 696 2008 vt
733 1967 790 2021 ῼ,
827 1968 914 2019 sed,
952 1966 996 2009 oZ
1035 1967 1083 2007 ad
1122 1966 1320 2015 modum,
1358 1970 1554 2025 vtrinque
1589 1967 1737 2010 leuiter
1772 1966 1836 2007 bi-

362 2036 483 2077 colle.
550 2034 656 2075 Folia
690 2034 838 2074 harum
878 2032 1112 2088 plantarum
1162 2031 1385 2075 notabilius
1421 2044 1611 2087 cremata,
1671 2044 1757 2073 non
1793 2045 1838 2072 a-

361 2100 440 2141 deo
478 2100 715 2139 tomentosa
751 2111 796 2140 ac
829 2099 996 2148 obtusa,
1049 2109 1124 2138 nec
1160 2096 1213 2138 ita
1247 2099 1454 2152 profunde
1489 2095 1834 2155 amplexicaulia‚

363 2177 486 2218 quam
526 2164 566 2204 in
605 2163 666 2216 93
700 2164 754 2205 ast
791 2163 1028 2205 tomentosa
1065 2162 1225 2216 magis,
1257 2163 1495 2215 obtufiora‚
1528 2164 1661 2209 crenis
1698 2162 1832 2204 minus

363 2229 616 2271 notabilibus
669 2229 888 2280 instructa,
943 2230 1160 2285 magisque
1208 2228 1548 2286 amplexicaulia,
1596 2239 1724 2333 quate
1772 2225 1831 2330 {³⁷¹-

1722 2299 1832 2334 aues
