1972 2668
608 180 720 229 *5502ss
787 176 801 234 )
837 192 898 230 49
935 175 950 234 (
1018 179 1133 228 ἓὶεέω

316 293 349 341 ξ.
377 304 415 331 2.
453 287 699 332 Conueniet
736 300 872 334 autem
906 302 1002 334 aute
1033 293 1179 332 omnia
1210 291 1382 331 cunctos
1421 291 1605 334 diuersos

129 360 243 399 casus
264 356 546 404 considerasse,
568 357 717 408 quibus
740 358 886 397 circuli
918 357 1090 398 mobiles
1111 359 1228 411 super
1259 357 1497 411 peripheria
1527 357 1607 397 cir-

128 423 209 465 culi
241 420 315 462 fixi
351 420 546 475 prouolui
580 420 760 472 possunt,
797 420 860 461 Sit
899 424 1022 474 igitur
1052 421 1092 462 A
1115 432 1311 463 centrum
1343 422 1487 464 circuli
1516 422 1606 474 fixi,

127 489 243 528 cuius
283 488 420 527 radius
457 483 497 524 A
520 481 700 532 C:a‚
747 484 866 539 super
901 499 987 537 quo
1025 487 1190 526 incedat
1226 487 1326 529 alius
1365 488 1606 541 quicunque

129 551 308 593 circulus
341 547 495 599 CBD,
517 550 630 590 cuius
662 560 855 590 centrum
890 550 933 589 fit
958 550 991 589 Β
1015 560 1053 590 et
1088 553 1222 590 radius
1253 549 1448 604 BC1b3
1485 554 1605 595 initio

128 627 270 659 autem
294 627 446 657 ,motus
478 626 621 669 tangat
651 615 832 658 circulus
864 614 1033 656 mobilis
1063 616 1268 656 circulum
1303 614 1438 656 fixum
1472 619 1511 658 in
1543 615 1605 666 C,

126 681 196 723 vbi
227 681 364 723 stilum
400 691 543 735 gerat,
580 694 666 733 quo
703 680 771 721 sua
808 681 1107 734 prouolutione
1127 679 1332 722 describat
1354 678 1607 733 Cycloidem

125 745 162 789 C
188 745 237 788 Z.
285 744 508 789 Circulum
548 745 685 786 fixum
718 746 963 800 fimpliciter
999 746 1138 787 littera
1169 745 1234 793 A,
1267 745 1472 785 mobilem
1508 759 1612 787 vero

125 813 267 853 littera
297 811 331 853 Β
362 812 580 852 breuitatis
619 813 752 865 gratia
782 811 1016 864 defignabo.
1070 810 1135 852 Ac
1169 811 1310 866 primo
1342 811 1512 863 quidem
1544 825 1614 865 pa-

129 887 210 926 ter,
266 878 367 918 dum
406 876 586 918 circulus
626 877 794 917 mobilis
831 876 864 917 Β
902 877 1110 919 continuo
1144 886 1345 932 augetur,
1403 875 1484 918 hoc
1521 889 1612 917 mo-

127 944 182 982 do
220 955 369 983 omnes
415 954 586 989 curuas,
644 955 748 995 quae
785 941 1082 997 Epicycloides
1120 952 1351 991 vocantur,
1405 943 1612 994 generari.

127 1007 169 1050 Si
207 1010 321 1049 enim
360 1006 538 1049 circulus
573 1006 606 1047 Β
642 1011 902 1058 euancescat‚
940 1018 1144 1062 perpetuo
1168 1009 1336 1062 quidem
1376 1006 1419 1046 in
1458 1008 1611 1049 eodem

121 1072 282 1127 punCto
319 1069 355 1113 C
394 1071 601 1121 mauebit,
640 1072 698 1113 ita
736 1083 782 1114 vt
822 1083 911 1114 tota
947 1087 1076 1115 curua
1112 1075 1320 1127 deleripta
1358 1072 1399 1112 in
1438 1075 1612 1114 vnicum

121 1138 324 1191 punfmm
364 1137 473 1191 quast
530 1137 745 1179 coalescat.
815 1138 885 1180 Sin
924 1150 1064 1181 autem
1110 1139 1289 1182 circulus
1325 1137 1359 1179 Β
1398 1151 1530 1193 vsque
1567 1140 1609 1179 in

122 1202 336 1244 infinitum
377 1213 601 1254 augeatur,
649 1205 737 1244 eius
774 1204 1014 1256 peripheria
1050 1206 1091 1244 in
1131 1205 1286 1246 lineam
1332 1205 1484 1247 rectam
1523 1204 1610 1245 abi--

121 1267 209 1316 bit,
248 1266 450 1307 circulum
486 1265 528 1304 A
564 1267 607 1305 in
643 1263 680 1305 C
720 1275 990 1317 tangentem,
1045 1279 1100 1306 ex
1137 1269 1254 1307 cuius
1293 1279 1413 1308 motu
1449 1270 1611 1309 orietur

125 1344 254 1374 curua
291 1342 346 1371 ex
381 1328 626 1371 euolutione
679 1330 826 1370 circuli
881 1341 986 1372 nata.
1079 1329 1193 1372 Inter
1229 1330 1305 1373 hos
1343 1332 1470 1384 igitur
1504 1333 1607 1374 duos

123 1399 232 1438 casus
267 1405 486 1436 extremos
517 1406 663 1434 omnes
700 1393 819 1447 plane
848 1394 1144 1448 Epicycloides
1182 1397 1374 1438 constitui
1413 1406 1606 1450 oportet,

121 1468 226 1515 quae
265 1471 318 1499 eo
357 1458 582 1512 ampliores
619 1459 823 1508 euadent‚
868 1471 950 1513 quo
990 1461 1126 1499 maior
1160 1461 1295 1500 radius
1333 1461 1477 1502 circuli
1515 1473 1606 1502 mo-

119 1525 210 1567 bilis
246 1523 271 1565 h
307 1525 548 1578 accipiatur.

310 1657 343 1707 ξ.
383 1668 420 1705 3.
504 1652 587 1694 Hic
640 1652 841 1695 circulum
899 1653 1099 1696 mobilem
1140 1652 1175 1694 Β
1225 1665 1346 1698 extra
1394 1656 1600 1699 circulum

119 1719 256 1763 fixum
311 1718 510 1776 prouolui
564 1718 844 1772 affumfimus3
898 1732 1009 1760 nunc
1044 1720 1175 1773 igitur
1210 1733 1304 1762 eum
1340 1722 1447 1764 intra
1488 1722 1600 1763 hunc

120 1787 325 1828 circulum
379 1785 661 1834 collocemus,
713 1785 771 1825 ita
806 1796 853 1826 vt
902 1786 983 1826 iam
1042 1786 1128 1827 eius
1182 1787 1315 1829 radius
1370 1783 1463 1828 BC
1510 1798 1597 1827 tan-

122 1865 247 1904 quam
286 1851 518 1907 negarfflus,
560 1850 741 1905 respectu
783 1851 935 1904 prioris
972 1850 1204 1905 positionis,
1225 1852 1392 1906 spectari
1432 1852 1593 1894 debeat.

121 1915 165 1958 Si
202 1929 304 1970 ergo
340 1917 484 1971 primo
519 1916 586 1957 hic
626 1916 807 1957 circulus
846 1916 965 1958 fuerit
1003 1915 1165 1958 infinite
1215 1930 1389 1972 paruus,
1447 1931 1595 1973 perpe-

120 1993 194 2024 tuo
244 1982 285 2022 in
336 1984 483 2024 eodem
534 1981 690 2038 puncto
736 1980 772 2022 C
817 1982 1110 2036 perseuerabit.
1194 1983 1402 2037 Augendo
1454 1992 1596 2024 autem

118 2047 337 2088 succeffiue
390 2046 499 2091 hunc
535 2048 736 2090 circulum
793 2048 877 2089 eius
929 2048 1227 2102 prouolutione
1280 2048 1595 2102 generabuntur

120 2125 269 2154 omnes
314 2111 658 2167 Hypocycloides
697 2110 816 2161 CZ,
871 2113 1031 2161 donec,
1087 2126 1183 2154 cum
1238 2114 1441 2155 diameter
1483 2113 1596 2154 istius

121 2177 268 2219 circuli
303 2175 399 2219 CD
450 2178 565 2219 radio
613 2179 754 2221 circuli
793 2177 866 2218 fixi
908 2176 942 2219 C
969 2178 1005 2218 A
1044 2179 1172 2220 fastus
1209 2178 1331 2221 fuerit
1384 2178 1592 2234 aequalis,

119 2242 415 2298 Hypocyclois
454 2240 547 2284 CZ
582 2244 623 2283 in
661 2245 791 2299 ipsu-‘n
841 2245 1094 2286 diametrum
1135 2244 1181 2286 fit
1226 2245 1396 2286 abitura.
1464 2243 1594 2299 Quod

120 2308 221 2350 Αέῖα
239 2309 372 2353 Acad.
392 2307 490 2365 Imp.
508 2307 576 2351 Sc.
594 2308 703 2356 Tom.
724 2310 764 2353 V.
788 2313 830 2351 P.
851 2310 881 2352 Ι.
1191 2307 1229 2352 G
1569 2307 1596 2348 fi

1640 503 1722 538 Tae.
1750 504 1773 537 1.

1654 555 1722 603 Fig.
1753 565 1766 591 ι
1774 577 1784 587 .

1642 1666 1708 1717 Fig.
1735 1681 1754 1705 ο
