1972 2668
572 175 689 230 »2033
752 170 898 233 )279
933 174 976 234 (·
1011 177 1129 230 2⁰:23⁴·-

119 307 146 337 a
179 291 358 336 Gmelino
389 288 662 342 obseruatam,
697 290 879 333 mediam
912 289 1025 332 inter
1058 286 1323 334 caracallam
1358 297 1400 333 et
1434 289 1586 335 Felem

118 358 403 406 domesticam,
453 356 564 399 Noui
604 355 862 398 Academiae
899 355 1054 397 nostrae
1090 354 1378 398 Commentarii
1410 354 1478 412 (*)
1513 357 1584 400 ha-

117 423 229 463 bent.
297 419 668 474 Quemadmodum
716 431 822 460 vero
866 418 967 460 haec
1011 420 1117 462 mihi
1168 422 1209 463 in
1246 420 1582 463 orientalioribus

117 486 280 528 Roffiae
315 484 497 526 asiaticae
536 496 740 537 nusquam
777 483 946 525 obuiam
983 484 1089 524 facsta
1125 485 1196 533 est,
1233 486 1289 525 ita
1314 494 1460 526 contra
1481 482 1586 526 Coi-

116 551 218 605 legis
252 550 395 603 ignota
431 548 611 590 mansisse
644 547 807 587 videtur
841 546 944 593 alia,
999 549 1114 587 cuius
1151 548 1218 587 hic
1254 550 1581 600 descriptionem

117 626 160 656 et
195 615 359 656 iconem
394 624 633 669 proponere
670 611 831 653 animus
865 610 946 660 est,
989 610 1201 664 prioribus
1238 610 1439 664 Zoologis
1473 615 1586 667 pari·

118 688 181 719 ter
211 679 394 733 ignotae.
1581 667 1585 671 ⁴

306 802 462 846 FELIS
504 801 656 853 Manui,
688 815 813 855 quam
850 801 937 842 sum
974 800 1268 854 descripturus,
1305 797 1353 841 ab
1388 800 1588 843 omnibus

120 865 335 920 hucusque
370 870 549 920 cognitis
586 867 797 920 speciebus
842 865 1023 913 dmm-sa,
1071 875 1319 918 praeterque
1354 862 1507 906 Catum
1544 874 1590 906 et

121 928 286 972 Chaum
327 931 649 985 Gzildenstaedtii‚
688 929 956 974 minutissima
992 931 1075 968 fere
1112 929 1167 979 est
1196 930 1251 968 sui
1279 929 1442 982 generis
1461 942 1590 983 quam

119 993 217 1035 Afia
254 996 398 1039 nutrit,
464 994 510 1032 ln
549 994 696 1046 apricis
732 993 917 1038 desertis,
953 991 1193 1045 praesertim
1232 993 1460 1042 montanis,
1494 994 1591 1034 Ta·

121 1059 243 1098 tariae
277 1069 454 1109 magnae
477 1086 489 1106 ‚
524 1070 546 1096 a
580 1053 736 1109 Caspio
769 1055 861 1095 lacu
896 1066 1029 1106 Vsque
1068 1056 1117 1096 ad
1155 1055 1404 1096 orientalem
1450 1055 1592 1098 Ocea·

117 1133 237 1175 num,
276 1121 493 1162 secundum
529 1120 724 1161 australes
757 1119 935 1161 Sibiriae
969 1119 1129 1161 limites
1161 1119 1315 1173 passim,
1352 1132 1428 1160 nec
1462 1121 1592 1164 infre-

120 1197 249 1237 quens
295 1186 490 1226 occurrit.
574 1182 745 1221 Docent
779 1181 862 1220 hoc
899 1182 1026 1232 pelles
1048 1211 1059 1231 ,
1110 1196 1210 1236 quas
1245 1183 1429 1226 Bochari
1466 1196 1591 1238 atque

121 1246 478 1299 Kirgiso-Tatari
531 1241 832 1294 Orenburgum
886 1253 929 1283 et
981 1246 1028 1285 ad
1073 1245 1152 1285 alia
1197 1243 1360 1287 Roffica
1395 1248 1591 1303 emporia

124 1310 293 1364 copiose
331 1320 486 1349 venum
521 1307 758 1360 adportant.
827 1306 1052 1359 Praecipua
1089 1320 1194 1349 vero
1227 1311 1314 1351 eius
1342 1313 1478 1364 patria
1504 1312 1591 1354 dici

123 1373 260 1429 potest
311 1371 621 1424 Mongoiorum
670 1370 879 1412 desertum
931 1372 1042 1411 inter
1089 1370 1287 1414 Sibiriam
1323 1385 1363 1415 et
1396 1375 1589 1417 Sinicum

124 1440 352 1491 imperium
402 1434 644 1484 extensum,
690 1443 912 1487 totumque
947 1434 1054 1486 iugis
1093 1438 1302 1478 montium
1340 1447 1380 1478 et
1416 1439 1590 1494 rupibus

125 1502 330 1556 asperum.
408 1498 523 1540 Intra
573 1497 720 1539 Roffici
756 1496 932 1551 Imperii
985 1497 1086 1540 fines
1125 1501 1367 1552 praesertim
1404 1502 1591 1545 Dauuria

126 1565 244 1607 Feles
280 1563 433 1606 nostras
470 1563 621 1613 habet3
658 1572 699 1603 at
733 1564 842 1603 circa
880 1564 1027 1616 iugum
1063 1562 1279 1605 Aita'icum
1318 1563 1591 1608 etVralense

125 1631 203 1670 vix
240 1627 458 1680 vestigium
497 1639 635 1669 earum
669 1625 790 1667 hodie
827 1625 1083 1669 obseruatur.
1151 1626 1201 1667 In
1239 1626 1425 1671 Dauuria
1460 1631 1590 1672 etiam

128 1690 456 1746 Mrfferschmidio
502 1693 767 1743 innotuerat,
817 1689 1014 1732 breuibus
1058 1691 1194 1732 verbis
1243 1694 1286 1733 in
1321 1693 1591 1746 Hodegetico

129 1757 270 1799 MSro.
309 1755 358 1795 ab
394 1755 556 1799 eodem,
580 1765 936 1806 commemorata3
971 1755 1036 1796 sed
1070 1755 1171 1797 solas
1199 1757 1233 1797 is
1261 1756 1393 1809 pelles
1413 1759 1593 1808 viderat,

131 1833 263 1874 neque
300 1820 390 1860 data
426 1818 575 1860 assidua
607 1831 733 1873 opera
767 1819 924 1861 animal
958 1822 1172 1872 integrum
1210 1819 1402 1863 obtinere
1437 1823 1590 1874 potuit.

129 1884 280 1936 Neque
318 1884 454 1924 minus
484 1896 576 1937 ege,
613 1896 742 1937 quum
771 1884 814 1923 in
839 1882 1176 1924 transbaicalenfi
1212 1886 1382 1937 regione
1412 1879 1592 1943 (1772.)

132 1949 346 1995 versarer,
382 1948 575 1987 incastum
611 1946 796 1988 laboraui
831 1959 876 1988 vt
912 1948 1046 2001 ipsum
1085 1947 1243 1988 animal
1278 1960 1584 2001 procurarem,

133 2015 250 2055 cuius
292 2009 451 2066 pelles,
500 2011 654 2064 lynceis
696 2012 839 2054 colore
892 2011 1077 2061 similes,
1130 2011 1423 2055 semirublonis
1456 2013 1593 2069 pretio

1496 2088 1594 2131 pas·

206 2222 273 2274 (*)
321 2223 413 2261 Noui
439 2225 655 2266 Commentar.
678 2225 875 2273 Petropolit.
900 2224 979 2262 Vol.
1008 2220 1089 2265 XX.
1108 2233 1145 2268 p·
1170 2229 1234 2268 183.
1261 2220 1330 2260 tab.
1358 2231 1404 2266 14.
