1972 2668
833 182 944 232 2213
1012 180 1209 239 )272(
1274 183 1387 236 5:23<-

381 298 578 352 ponendo
622 304 757 352 partes
801 296 1030 338 exteriores
1076 309 1171 340 vera
1222 294 1538 352 quodammodo
1583 296 1670 340 eius
1705 298 1835 352 figura

378 363 518 415 potuit
569 361 758 402 diuinari.
846 360 909 402 Vt
946 362 1224 404 dese-&uotum
1268 374 1347 414 pro
1384 362 1656 412 accuratiori,
1709 376 1835 416 quam

380 434 587 473 meretur,
621 425 897 478 descriptione
932 427 1162 480 specimen,
1201 437 1341 468 tamen
1380 426 1579 468 nouitatis
1615 441 1721 480 erga,
1758 440 1835 468 ex·

379 488 584 541 peuando
627 488 792 530 interim
839 490 971 531 donec
1005 491 1225 548 perfec‘tius
1262 490 1519 544 obtinuero,
1572 503 1833 544 nequaquam

374 552 476 592 illud
511 566 532 593 a
567 552 736 593 curiofis
773 552 1065 608 Ichthyologis
1101 554 1279 596 vlterius
1315 554 1501 607 ignorari
1538 555 1642 595 mihi
1678 554 1790 597 suasi.

558 678 701 721 Didius
741 681 858 734 piscis
895 683 948 723 est
986 695 1040 725 ex
1069 694 1218 739 genere
1241 680 1613 733 Anarrhicharum,
1651 692 1833 734 quorum

375 743 541 784 vnicam
591 755 752 786 tantum
802 747 995 788 nouimus
1042 748 1221 801 speciem
1259 748 1301 788 in
1337 746 1551 799 systemate
1587 745 1834 797 Ichthyolo-

375 809 485 859 gic0‚
522 821 675 862 nempe
715 810 890 864 Lupum,
926 824 981 852 ex
1014 824 1094 864 qua
1127 809 1330 852 Linnaeus
1363 820 1409 850 et
1443 821 1571 862 genus
1608 809 1726 850 suum
1765 810 1836 850 sta-

374 871 535 924 biliuit;
572 874 637 913 ille
675 874 904 915 notissimus
940 875 1017 916 fuit
1052 876 1179 915 etiam
1214 875 1393 928 antiquis
1431 873 1716 926 temporibus,
1753 872 1835 912 ho·

375 935 441 974 die
476 935 795 989 frequentissime
832 951 1053 979 occurrens
1091 940 1131 978 in
1168 940 1291 980 omni
1319 937 1658 990 haemisphaerio
1676 936 1834 976 boreali

372 1001 615 1051 praesertim
651 1002 760 1040 circa
779 1000 981 1049 Scotiam,
1017 998 1364 1051 Groeuldndiam,
1399 1011 1621 1052 totumque
1657 1001 1833 1041 tracstum

372 1060 537 1102 Oceani
574 1062 918 1116 Septentrionaiis
954 1078 975 1104 a
1012 1062 1306 1103 Kamtschatka
1343 1075 1474 1114 vsque
1507 1064 1555 1102 ad
1593 1076 1707 1102 mare
1740 1063 1835 1102 Me-

371 1128 651 1168 diterraneum
690 1138 731 1167 et
768 1131 948 1178 nigrum.
1016 1128 1076 1167 At
1110 1127 1325 1178 insiguiter
1369 1126 1480 1165 idem
1517 1128 1651 1167 variat
1696 1127 1833 1166 secun-

368 1191 468 1229 dum
506 1191 680 1230 diuersas
721 1191 862 1230 muudi
901 1191 1039 1240 plagas
1073 1197 1114 1225 et
1151 1200 1233 1225 non
1274 1188 1346 1224 nisi
1383 1189 1425 1226 in
1454 1188 1675 1228 vastissimo
1694 1186 1832 1230 Occa-

369 1264 427 1294 no
467 1265 521 1293 10
559 1264 630 1293 aut
673 1262 724 1299 κς
765 1253 917 1305 pedum
964 1249 1226 1301 longitudine
1263 1247 1500 1288 obseruatus
1533 1250 1600 1290 est.
1663 1249 1731 1291 Ob
1768 1254 1834 1291 in-

368 1316 511 1356 festam
549 1317 635 1355 eius
671 1315 837 1364 faciem,
877 1314 1194 1355 mordacitatem
1230 1311 1601 1365 impetuosumque
1635 1312 1677 1352 in
1715 1315 1832 1367 aquis

371 1390 560 1420 natatum
613 1380 810 1421 omnibus
859 1376 1049 1430 gentibus
1103 1377 1256 1417 merito
1308 1374 1537 1430 appellatus
1572 1376 1625 1417 est
1660 1376 1833 1431 Lupus,

370 1443 618 1491 See-wolf,
656 1441 935 1491 Wolf-fiscii,
975 1440 1099 1482 Ruffis
1136 1453 1240 1481 vero
1274 1438 1328 1479 ob
1366 1439 1597 1482 horrendos
1629 1442 1711 1482 eius
1732 1442 1833 1483 deu-

371 1519 431 1550 tes
463 1512 707 1560 3y63m1<3‚
751 1510 959 1561 Kycaqxa
995 1516 1070 1547 etc.
1141 1503 1299 1546 Clariis.
1339 1503 1509 1552 Steller‚
1545 1505 1644 1545 dum
1680 1505 1833 1548 Kamt·

371 1572 560 1613 schatcae
608 1581 842 1612 moraretur
889 1570 1060 1623 propius
1096 1568 1330 1611 Obseruauit
1366 1569 1452 1608 eius
1486 1570 1748 1612 ferocitatem
1784 1571 1830 1610 in

370 1637 502 1682 vim,
540 1647 721 1689 cumque
767 1634 955 1675 describit
991 1634 1161 1686 dignum
1199 1632 1270 1674 suo
1307 1632 1477 1679 nomine
1503 1662 1515 1682 ‚
1563 1634 1671 1687 quod
1707 1634 1828 1686 gerit.

371 1698 515 1741 Saeuit
559 1700 669 1740 enim
715 1701 756 1739 in
793 1699 960 1753 quaeuis
996 1697 1118 1737 obuia
1152 1698 1188 1738 ei
1224 1697 1387 1748 oblata3
1441 1706 1526 1738 rete
1563 1699 1748 1739 irretitus
1783 1708 1826 1739 et

371 1764 614 1805 vulneratus
651 1777 745 1805 cum
792 1763 897 1807 vidit
932 1762 1109 1803 cultrum
1149 1762 1184 1802 ei
1221 1761 1502 1815 praepositum
1539 1762 1713 1815 arripuit
1747 1761 1829 1802 illi-

372 1841 424 1867 co
459 1840 503 1867 ac
539 1828 670 1868 veluti
707 1825 1078 1882 stipulam'fregit3
1118 1826 1251 1878 ligna,
1287 1825 1479 1874 baculos,
1514 1825 1662 1877 quibus
1698 1824 1830 1866 mole-

371 1891 580 1942 stabatur,
637 1895 725 1944 pari
780 1896 942 1934 ratione
978 1889 1192 1933 confestim
1229 1889 1565 1946 apprehendebat
1599 1889 1827 1943 morsuque

370 1955 560 1995 violento
596 1957 834 2012 diffringere
873 1954 1066 1997 tentabat.

556 2081 717 2124 Nostris
763 2084 1020 2137 temporibus
1064 2082 1247 2125 deteuae
1291 2082 1502 2137 prodeunt
1534 2077 1668 2120 adhuc
1704 2078 1823 2120 binae

369 2147 548 2198 specim,
602 2160 706 2200 quae
752 2149 892 2202 primo
936 2149 1088 2190 intuitu
1124 2161 1228 2188 mox
1263 2146 1422 2201 agnosci
1460 2145 1656 2198 possunt,
1708 2143 1823 2185 cuius

371 2210 449 2251 sint
484 2213 667 2264 generis:
702 2212 833 2268 figura
869 2221 910 2252 et
944 2213 1064 2261 facies
1100 2213 1381 2269 representant
1415 2209 1614 2265 equidem
1640 2208 1824 2263 Lupum,

1733 2281 1826 2310 mo-
