1972 2668
616 186 732 238 »02³1ss
796 185 813 240 )
855 183 999 242 113(
1062 183 1178 237 &2030-

159 310 344 358 queant‚
400 299 493 342 inde
531 297 612 340 fine
649 298 779 340 dubio
813 298 964 341 fac‘tum
1003 298 1085 348 est,
1135 301 1246 352 quod
1282 297 1381 340 huic
1423 297 1640 341 doetrinae

161 366 442 422 perficiendae
497 377 670 418 operam
708 364 925 416 hucusque
981 376 1065 406 non
1120 363 1313 405 dederint
1363 360 1637 405 Geometrae.

161 431 368 487 Quamuis
406 441 542 479 autem
581 428 793 482 completa
830 427 1021 470 Theoria
1057 440 1282 469 curuarum
1321 429 1362 468 in
1401 427 1640 482 superficiae

161 496 398 550 sphaerica,
454 491 638 535 difficilis
693 503 776 532 non
832 492 971 532 minus
1010 504 1056 531 ac
1103 506 1249 545 parum
1303 493 1510 535 fructuosa
1559 493 1638 535 ess‘e

160 563 339 617 poterit3
374 573 425 601 eo
459 571 597 601 tamen
636 570 718 606 non
755 557 945 598 obstante
981 555 1204 609 fingularia
1240 570 1296 597 ex
1330 557 1408 599 hac
1445 557 1638 600 doctrina

159 627 449 676 Problemata,
486 637 591 678 quae
627 623 853 679 praecipua
888 619 1068 675 quadam
1107 619 1315 675 elegantia
1346 622 1382 660 se
1412 635 1639 664 commen-

160 693 285 740 dant,
323 702 406 730 uon
445 689 609 744 prorsus
648 688 802 743 negligi
839 686 992 728 debere
1026 686 1238 726 videntur.
1308 684 1377 726 Ex
1421 698 1472 726 eo
1507 699 1636 739 gene-

157 770 201 797 re
238 768 368 810 quum
408 755 508 796 istud
543 753 770 796 Problema
808 753 874 803 stt,
911 752 1025 793 cuius
1063 763 1174 791 nunc
1213 749 1467 791 solutionem
1503 763 1636 804 expo-

159 833 258 862 nere
311 820 530 866 constitui,
586 821 759 863 eanrlem
799 816 1042 859 Geometris
1080 829 1166 858 non
1210 815 1374 871 prorsus
1422 815 1636 870 ingratam

158 886 271 937 fore,
307 885 412 926 mihi
449 883 636 938 persuafi.

346 983 378 1032 ς.
417 994 458 1021 2.
526 980 595 1022 Ex
634 980 864 1022 Elementis
902 977 1177 1021 Geometriae
1214 988 1366 1021 notum
1402 979 1485 1029 est,
1521 980 1636 1034 quod

154 1044 389 1100 Triangula
421 1046 462 1086 in
497 1045 621 1100 plano
651 1045 887 1099 descripta,
922 1056 1030 1098 quae
1067 1043 1187 1098 super
1217 1045 1362 1086 eadem
1390 1043 1479 1085 bafi
1511 1054 1554 1086 et
1587 1047 1637 1088 ad

154 1111 330 1151 eandem
369 1122 533 1165 partem
571 1110 691 1152 huius
727 1109 828 1151 halis
867 1109 1155 1159 collocantur,
1206 1109 1233 1150 fi
1282 1109 1470 1165 aequalia
1523 1111 1635 1151 inter

153 1175 190 1215 se
226 1177 409 1225 fuerint,
460 1175 566 1215 hanc
601 1174 782 1216 habeant
819 1175 1146 1228 proprietatem,
1183 1185 1229 1214 vt
1264 1187 1416 1216 eorum
1451 1175 1635 1216 vertices

153 1239 414 1280 collocentur
450 1240 490 1277 in
528 1239 634 1279 linea
680 1239 790 1276 reete
845 1237 924 1278 bafi
977 1238 1192 1289 parallela;
1243 1239 1460 1289 occafione
1502 1240 1635 1294 igitur

154 1303 278 1344 huius
327 1302 622 1357 propofitionis
659 1302 698 1340 in
736 1303 925 1342 animum
965 1299 1137 1349 induxi,
1176 1312 1221 1342 vt
1256 1302 1544 1355 inquirerem,
1578 1302 1634 1344 de

154 1369 266 1409 linea
300 1380 428 1409 curua
464 1368 505 1406 in
542 1379 622 1419 qua
658 1366 917 1407 collocemur
967 1364 1149 1407 vertices
1200 1367 1395 1408 omnium
1446 1370 1633 1421 triangu-

153 1434 290 1475 lorum
346 1431 701 1487 Sphaericorum,
754 1441 860 1481 quae
911 1431 1031 1482 super
1066 1429 1211 1470 eadem
1252 1430 1330 1474 bafi
1367 1432 1632 1473 collocantur

154 1509 194 1539 ct
230 1509 411 1550 quorum
463 1508 579 1537 areae
616 1499 725 1537 inter
763 1495 799 1534 se
838 1493 929 1536 sunt
964 1493 1177 1549 aequale53
1223 1508 1356 1549 quum
1391 1497 1507 1537 enim
1541 1495 1628 1537 levi

155 1561 337 1605 adhibita
374 1563 605 1604 attentione
641 1559 962 1616 perspexissem,
997 1559 1105 1599 hanc
1148 1571 1322 1602 curnam
1360 1571 1630 1616 nequaquam

153 1629 231 1669 effe
281 1626 481 1667 circulum
537 1627 799 1675 maximum,
852 1628 971 1667 cuius
1010 1624 1294 1678 symptomata
1327 1627 1369 1667 in
1408 1625 1652 1681 superficie·

152 1692 376 1746 sphaerae,
430 1692 616 1741 alioquin
655 1704 747 1731 cum
786 1690 889 1738 illis,
937 1703 1044 1744 quae
1080 1689 1214 1732 lineae
1252 1691 1384 1735 restae
1419 1692 1461 1733 in
1497 1691 1628 1747 plano

151 1764 425 1808 competunt,
471 1755 701 1797 consentire
739 1754 891 1806 solent,
948 1768 1000 1798 eo
1037 1756 1169 1809 magis
1206 1756 1366 1798 curiosa
1402 1757 1506 1798 haec
1542 1756 1626 1799 dis-

151 1821 321 1874 quisitio
358 1820 460 1861 mihi
497 1821 580 1861 visa
613 1822 680 1862 est.

341 1918 374 1965 §-
413 1929 451 1967 3.
519 1916 766 1970 Priusquam
802 1931 904 1962 vero
939 1917 1192 1959 solutionem
1228 1916 1351 1960 huius
1381 1917 1624 1962 Problema-

156 1982 206 2022 tis
238 1981 401 2033 adgredi
430 1982 550 2032 licet,
585 1983 891 2038 propositiones
924 1983 1124 2039 quasdam
1154 1983 1621 2035 praeliminares'Lem-

151 2057 313 2087 matum
354 2047 502 2098 instar,
553 2050 817 2102 praemittere
868 2049 1119 2099 conueniet,
1170 2059 1299 2101 quum
1351 2049 1430 2091 illis
1468 2050 1623 2094 solutio

151 2112 285 2153 nostra
321 2110 629 2165 superstruatur.
710 2113 901 2156 Primum
940 2115 1065 2168 igitur
1100 2113 1212 2155 noffe
1257 2124 1454 2169 oportet,
1506 2117 1620 2170 quod

149 2177 195 2218 ad
244 2176 539 2229 aequalitatem
587 2177 786 2220 binorum
837 2179 1147 2235 triangulorum
1194 2177 1525 2234 Sphaericorum
1579 2185 1620 2225 id

147 2242 413 2296 requiratur,
446 2252 495 2283 vt
531 2242 690 2285 summa
728 2245 976 2300 angulorum
1016 2248 1056 2286 in
1094 2257 1181 2288 vno
1217 2244 1391 2288 istorum
1433 2246 1619 2301 triangu-

152 2308 245 2351 Atta
263 2303 383 2349 Acad.
407 2305 504 2363 Imp.
523 2306 590 2350 Sc.
610 2308 718 2352 Tom.
737 2310 779 2353 V.
794 2312 837 2356 P.
859 2310 890 2353 1.
1212 2308 1246 2350 P
1449 2309 1617 2361 lorum,
