1972 2668
791 212 907 264 ”⁶³53ss
972 207 990 266 )
1027 208 1174 266 214(
1235 211 1350 262 ἓέοὲω

331 327 553 382 posteriori
588 325 653 366 seu
690 324 880 367 inferiori
934 324 1094 367 sinuum
1134 323 1351 379 superficie
1389 328 1609 368 communi
1644 328 1804 372 distinc-

331 401 371 432 ta
405 391 513 431 esser.
581 390 728 443 Longe
773 389 892 432 aliter
923 401 1063 432 autem
1101 389 1137 431 se
1173 403 1258 430 rem
1298 389 1452 432 habere
1481 392 1696 435 vlteriores
1731 395 1807 434 do·

328 464 508 495 cuerunt
545 454 917 511 inuestigationes‚
970 455 1330 511 quemadmodum
1364 457 1408 496 iu
1443 457 1709 513 sequentibus
1743 459 1805 500 di-

320 531 426 560 cam.

734 637 828 681 Non
862 639 1048 682 videntur
1080 641 1161 682 iam
1196 638 1284 694 visa
1321 639 1404 695 effi.

507 705 589 748 Vti
627 721 711 750 non
749 712 871 752 facile
907 713 984 760 est,
1022 723 1156 765 partes
1209 712 1400 753 inuenire
1436 709 1477 749 in
1513 721 1690 764 corpore
1725 708 1804 751 hu-

320 783 473 821 man0‚
511 785 613 827 quae
649 776 851 828 peculiari
883 779 922 817 se
955 775 1259 818 commendent
1289 773 1616 830 pulchritudine,
1652 774 1803 828 impri-

320 837 401 876 mis
437 836 480 877 in
517 838 676 881 viscere
731 842 961 895 primario,
1013 841 1132 881 velut
1167 853 1244 882 cor
1279 841 1363 892 est,
1416 843 1460 882 in
1508 841 1620 893 quod
1673 840 1800 880 toties

320 900 406 942 iam
457 902 728 957 inquisitum3
780 918 866 946 non
918 905 1008 947 satis
1060 906 1202 947 mirari
1241 916 1434 961 poteram
1474 917 1542 945 me
1580 916 1800 957 nunquam

319 965 370 1006 de
404 964 484 1008 filis
521 969 727 1011 eiusmodi
760 968 980 1018 teretibus,
1041 971 1214 1023 rigidis,
1251 971 1382 1025 albis,
1418 969 1568 1025 quibus
1614 968 1715 1009 bafis
1751 969 1802 1010 fi-

318 1043 449 1070 nuum
489 1034 668 1073 exterius
702 1047 724 1074 a
760 1033 841 1073 basi
878 1033 1016 1074 cordis
1051 1034 1405 1085 distingueretur,
1459 1034 1688 1087 quidquam
1727 1034 1800 1075 vel

320 1095 546 1149 audiuisse,
581 1097 650 1136 vel
685 1097 840 1151 legisse.
892 1096 1136 1138 Veniebant
1171 1097 1214 1136 in
1251 1106 1436 1137 mentem
1474 1097 1665 1136 tendines
1701 1109 1796 1138 cor-

318 1159 381 1198 dis
419 1162 665 1209 circulares,
720 1161 876 1203 admiffi
912 1161 962 1201 ab
997 1162 1243 1203 anatomicis
1279 1160 1554 1213 qmbusdam,
1606 1159 1652 1201 ab
1691 1160 1796 1211 aliis,

314 1223 451 1277 iisque
500 1227 763 1277 praecipuis,
814 1223 1000 1274 uallem,
1050 1222 1230 1271 senaa-0,
1284 1221 1578 1274 Caffehohmzb,
1629 1225 1800 1277 reie&i;

319 1296 361 1326 at
397 1287 461 1327 isti
497 1287 669 1341 quidem
705 1291 747 1330 in
785 1288 958 1327 orificiis
994 1286 1160 1327 venofis
1198 1295 1240 1326 et
1288 1286 1498 1326 arteriofis
1535 1286 1802 1328 ventriculo-

314 1363 410 1392 rum
449 1354 661 1407 reperiri,
696 1362 738 1393 et
771 1352 995 1394 circulares
1033 1351 1134 1400 esse,
1172 1349 1238 1391 vel
1275 1351 1515 1400 annulares,
1551 1360 1593 1392 et
1632 1351 1798 1406 aequali

315 1416 360 1457 in
398 1426 491 1458 toto
528 1418 688 1458 ambitu
726 1418 948 1459 latitudine
1000 1416 1203 1469 gaudere,
1253 1427 1331 1457 nec
1376 1415 1602 1470 quidquam
1639 1416 1689 1457 ad
1727 1416 1798 1459 ba-

314 1481 375 1523 fin
425 1481 563 1524 cordis
615 1483 799 1523 exterius
834 1495 855 1522 a
889 1481 1053 1521 sinuum
1090 1479 1169 1522 bafi
1213 1479 1551 1535 distinguendam·
1601 1482 1797 1525 conferre

316 1546 538 1599 dicuntur;
591 1547 802 1600 imprimis
840 1546 880 1588 in
917 1555 1032 1600 parte
1085 1545 1248 1586 sinuum
1302 1547 1468 1595 media,
1520 1544 1591 1586 vbi
1630 1546 1797 1601 septum

319 1610 459 1652 cordis
495 1612 606 1653 intus
641 1611 888 1666 respondet,
950 1623 1034 1664 quo
1069 1623 1146 1652 nec
1181 1613 1376 1654 arteriosa
1413 1623 1485 1652 nec
1521 1612 1673 1651 venosa
1710 1612 1794 1654 ori-

318 1674 413 1718 ficia
449 1675 486 1717 se
520 1679 780 1732 extendunt,
833 1686 873 1718 et
907 1689 988 1729 qua
1024 1685 1162 1717 tamen
1199 1677 1240 1715 in
1277 1677 1369 1718 sede
1403 1675 1489 1731 ipsa
1532 1675 1721 1717 maxime
1756 1677 1795 1718 se

320 1740 394 1782 ffla
429 1741 599 1798 insignia
636 1743 710 1784 suis
746 1741 1001 1783 crassioribus
1038 1742 1257 1795 principiis
1303 1741 1604 1783 demonstrant.
1675 1740 1793 1797 Quid

321 1807 504 1861 denique
538 1807 670 1850 simile
705 1809 832 1849 etiam
869 1808 978 1847 inter
1013 1805 1050 1847 se
1084 1806 1240 1847 habeut
1276 1807 1369 1865 fi.l‘³2
1422 1809 1464 1848 in
1501 1807 1655 1848 iustam
1690 1806 1796 1847 line-

318 1884 389 1913 am
425 1874 619 1927 extensa,
672 1872 933 1914 crassioribus
970 1871 1181 1926 principiis
1218 1873 1257 1913 in
1296 1873 1435 1913 media
1484 1882 1601 1926 parte
1636 1872 1684 1914 ad
1719 1871 1791 1913 ba-

315 1938 375 1978 sm
412 1937 574 1979 sinuum
615 1939 657 1979 in
694 1941 878 1981 externis
916 1937 1097 1978 faciebus
1150 1937 1333 1979 anterius
1371 1948 1414 1979 et
1448 1936 1654 1992 posterius
1698 1936 1790 1978 sub-

318 2012 435 2052 orta,
472 2001 572 2045 hinc
608 2005 808 2058 vtrinque
851 2001 1088 2044 extrorsum
1127 2002 1419 2053 excurrentia,
1474 2003 1677 2044 continuo
1714 2014 1790 2042 ex-

320 2075 511 2119 tenuata,
563 2069 794 2122 sensimque
833 2067 975 2117 finita,
1027 2077 1068 2108 et
1104 2068 1293 2109 tendines
1327 2068 1390 2109 illi
1426 2067 1672 2117 circulares,
1721 2067 1788 2106 seu

320 2132 485 2181 annuli,
537 2135 607 2186 qui
659 2134 795 2175 orifici
832 2133 983 2175 venosa
1036 2133 1148 2173 intus
1184 2130 1428 2174 obducant?
1477 2131 1544 2174 De
1580 2130 1786 2173 arteriofis

319 2198 433 2238 enim
471 2197 712 2242 Austorum
751 2198 986 2241 tendinibus
1023 2196 1183 2241 nullum
1223 2197 1395 2241 dubium
1433 2198 1511 2247 est,
1564 2198 1662 2252 quin
1704 2195 1785 2236 huc

316 2262 462 2304 referri
498 2277 581 2308 non
617 2265 778 2321 possint.
847 2263 1001 2320 Neque
1035 2264 1082 2307 dc
1121 2274 1215 2307 toto
1253 2274 1374 2306 textu
1408 2262 1688 2324 cartilagineo
1721 2260 1785 2300 lo-

1648 2337 1785 2380 quor,
